date,sales
1/1/2014,93669
1/2/2014,49625
1/3/2014,86874
1/4/2014,-11971
1/5/2014,65946
1/6/2014,83630
1/7/2014,41117
1/8/2014,-36316
1/9/2014,47629
1/10/2014,79037
1/11/2014,78078
1/12/2014,-30024
1/13/2014,31097
1/14/2014,22538
1/15/2014,23808
1/16/2014,-11574
1/17/2014,58804
1/18/2014,99135
1/19/2014,81179
1/20/2014,12106
1/21/2014,94132
1/22/2014,79830
1/23/2014,39310
1/24/2014,-10424
1/25/2014,74048
1/26/2014,-21099
1/27/2014,80784
1/28/2014,-2945
1/29/2014,-17349
1/30/2014,37080
1/31/2014,31966
2/1/2014,60928
2/2/2014,39126
2/3/2014,7765
2/4/2014,63054
2/5/2014,-16020
2/6/2014,73321
2/7/2014,39943
2/8/2014,46617
2/9/2014,22535
2/10/2014,21472
2/11/2014,30703
2/12/2014,-8233
2/13/2014,62377
2/14/2014,99223
2/15/2014,73455
2/16/2014,87981
2/17/2014,12797
2/18/2014,41547
2/19/2014,33000
2/20/2014,40923
2/21/2014,-16048
2/22/2014,1144
2/23/2014,41638
2/24/2014,66807
2/25/2014,85544
2/26/2014,57777
2/27/2014,78531
2/28/2014,38897
3/1/2014,7895
3/2/2014,76177
3/3/2014,72793
3/4/2014,-15330
3/5/2014,90150
3/6/2014,1393
3/7/2014,89263
3/8/2014,-30456
3/9/2014,-34895
3/10/2014,-6104
3/11/2014,78613
3/12/2014,62738
3/13/2014,99513
3/14/2014,53424
3/15/2014,9032
3/16/2014,92928
3/17/2014,37939
3/18/2014,52416
3/19/2014,-564
3/20/2014,63027
3/21/2014,22857
3/22/2014,52635
3/23/2014,91090
3/24/2014,-32376
3/25/2014,7422
3/26/2014,42482
3/27/2014,-19247
3/28/2014,-38570
3/29/2014,17562
3/30/2014,84656
3/31/2014,49296
4/1/2014,-10574
4/2/2014,-1504
4/3/2014,51992
4/4/2014,33386
4/5/2014,79227
4/6/2014,-8597
4/7/2014,-7503
4/8/2014,27081
4/9/2014,10021
4/10/2014,92987
4/11/2014,58174
4/12/2014,30646
4/13/2014,87671
4/14/2014,23162
4/15/2014,32711
4/16/2014,71933
4/17/2014,63463
4/18/2014,-7670
4/19/2014,9882
4/20/2014,23369
4/21/2014,-24034
4/22/2014,97778
4/23/2014,48772
4/24/2014,-18721
4/25/2014,47519
4/26/2014,23245
4/27/2014,92099
4/28/2014,36711
4/29/2014,72258
4/30/2014,73963
5/1/2014,-21972
5/2/2014,6017
5/3/2014,1812
5/4/2014,71216
5/5/2014,39457
5/6/2014,-25461
5/7/2014,33915
5/8/2014,-17176
5/9/2014,-23487
5/10/2014,8804
5/11/2014,83180
5/12/2014,44889
5/13/2014,90410
5/14/2014,51649
5/15/2014,-8126
5/16/2014,-24132
5/17/2014,85196
5/18/2014,6945
5/19/2014,36108
5/20/2014,27532
5/21/2014,-1984
5/22/2014,-750
5/23/2014,-4939
5/24/2014,74899
5/25/2014,1738
5/26/2014,-22514
5/27/2014,98259
5/28/2014,11763
5/29/2014,33612
5/30/2014,29162
5/31/2014,9434
6/1/2014,85535
6/2/2014,69183
6/3/2014,-24217
6/4/2014,465
6/5/2014,30484
6/6/2014,46639
6/7/2014,96347
6/8/2014,11940
6/9/2014,57224
6/10/2014,-246
6/11/2014,-15292
6/12/2014,71657
6/13/2014,-33984
6/14/2014,45421
6/15/2014,72879
6/16/2014,-15633
6/17/2014,18594
6/18/2014,17736
6/19/2014,64461
6/20/2014,-16331
6/21/2014,25487
6/22/2014,977
6/23/2014,63623
6/24/2014,-4746
6/25/2014,67925
6/26/2014,37701
6/27/2014,31893
6/28/2014,31523
6/29/2014,99626
6/30/2014,6204
7/1/2014,82818
7/2/2014,2183
7/3/2014,-407
7/4/2014,28818
7/5/2014,-8528
7/6/2014,-4195
7/7/2014,99579
7/8/2014,-26718
7/9/2014,25396
7/10/2014,75294
7/11/2014,30380
7/12/2014,49563
7/13/2014,11812
7/14/2014,71461
7/15/2014,62216
7/16/2014,9263
7/17/2014,17322
7/18/2014,42483
7/19/2014,39817
7/20/2014,-16794
7/21/2014,-17013
7/22/2014,23833
7/23/2014,-28556
7/24/2014,85784
7/25/2014,-29443
7/26/2014,95498
7/27/2014,-26568
7/28/2014,71451
7/29/2014,50980
7/30/2014,68537
7/31/2014,47911
8/1/2014,56233
8/2/2014,54063
8/3/2014,66787
8/4/2014,-39320
8/5/2014,-19662
8/6/2014,21418
8/7/2014,56675
8/8/2014,-36381
8/9/2014,36563
8/10/2014,-17010
8/11/2014,91154
8/12/2014,-28127
8/13/2014,-13033
8/14/2014,3191
8/15/2014,91487
8/16/2014,-10720
8/17/2014,2125
8/18/2014,19571
8/19/2014,67636
8/20/2014,60066
8/21/2014,-815
8/22/2014,18606
8/23/2014,36406
8/24/2014,-37310
8/25/2014,92997
8/26/2014,78334
8/27/2014,-35671
8/28/2014,-3658
8/29/2014,98785
8/30/2014,-16496
8/31/2014,64414
9/1/2014,14408
9/2/2014,12206
9/3/2014,56945
9/4/2014,63813
9/5/2014,82293
9/6/2014,-905
9/7/2014,42876
9/8/2014,-17361
9/9/2014,44186
9/10/2014,41063
9/11/2014,81931
9/12/2014,84526
9/13/2014,54224
9/14/2014,12584
9/15/2014,5236
9/16/2014,-18251
9/17/2014,88215
9/18/2014,-9890
9/19/2014,37854
9/20/2014,35495
9/21/2014,19355
9/22/2014,18163
9/23/2014,67413
9/24/2014,-4059
9/25/2014,47331
9/26/2014,-10051
9/27/2014,69693
9/28/2014,15381
9/29/2014,-19708
9/30/2014,14297
10/1/2014,51267
10/2/2014,-14285
10/3/2014,83446
10/4/2014,63381
10/5/2014,33825
10/6/2014,-30805
10/7/2014,-22460
10/8/2014,87413
10/9/2014,89157
10/10/2014,41645
10/11/2014,-24743
10/12/2014,93073
10/13/2014,8460
10/14/2014,35278
10/15/2014,11235
10/16/2014,-35645
10/17/2014,-36417
10/18/2014,2496
10/19/2014,-2880
10/20/2014,13622
10/21/2014,-2665
10/22/2014,80535
10/23/2014,-19260
10/24/2014,-31701
10/25/2014,62552
10/26/2014,91213
10/27/2014,50072
10/28/2014,-12949
10/29/2014,23907
10/30/2014,51854
10/31/2014,11787
11/1/2014,66909
11/2/2014,8029
11/3/2014,-24902
11/4/2014,3422
11/5/2014,26842
11/6/2014,47050
11/7/2014,48521
11/8/2014,24605
11/9/2014,89948
11/10/2014,-36579
11/11/2014,-4276
11/12/2014,77281
11/13/2014,71587
11/14/2014,-7927
11/15/2014,-36372
11/16/2014,-1539
11/17/2014,-5575
11/18/2014,1090
11/19/2014,-33058
11/20/2014,-37728
11/21/2014,-34449
11/22/2014,-31787
11/23/2014,23232
11/24/2014,4157
11/25/2014,12637
11/26/2014,-28162
11/27/2014,-39930
11/28/2014,55652
11/29/2014,92966
11/30/2014,811
12/1/2014,-17600
12/2/2014,79074
12/3/2014,71847
12/4/2014,83212
12/5/2014,13358
12/6/2014,66567
12/7/2014,-24012
12/8/2014,-6957
12/9/2014,-32695
12/10/2014,55610
12/11/2014,86837
12/12/2014,10568
12/13/2014,-9830
12/14/2014,40309
12/15/2014,11917
12/16/2014,20573
12/17/2014,-39240
12/18/2014,19715
12/19/2014,91313
12/20/2014,36235
12/21/2014,58918
12/22/2014,50068
12/23/2014,61241
12/24/2014,-22454
12/25/2014,5652
12/26/2014,-1134
12/27/2014,5362
12/28/2014,-17731
12/29/2014,96676
12/30/2014,-12046
12/31/2014,96377
1/1/2015,83614
1/2/2015,53102
1/3/2015,33442
1/4/2015,765
1/5/2015,-912
1/6/2015,-37801
1/7/2015,77006
1/8/2015,-7217
1/9/2015,36925
1/10/2015,44164
1/11/2015,-22721
1/12/2015,55085
1/13/2015,55741
1/14/2015,11203
1/15/2015,49861
1/16/2015,13168
1/17/2015,61600
1/18/2015,-38854
1/19/2015,-37532
1/20/2015,48191
1/21/2015,33039
1/22/2015,71598
1/23/2015,96278
1/24/2015,-29718
1/25/2015,88900
1/26/2015,3173
1/27/2015,50010
1/28/2015,14149
1/29/2015,25516
1/30/2015,92764
1/31/2015,30248
2/1/2015,2126
2/2/2015,-7323
2/3/2015,43108
2/4/2015,68058
2/5/2015,88787
2/6/2015,50961
2/7/2015,22504
2/8/2015,37811
2/9/2015,1331
2/10/2015,-30596
2/11/2015,-7800
2/12/2015,20006
2/13/2015,-37451
2/14/2015,-21449
2/15/2015,87089
2/16/2015,-26904
2/17/2015,63861
2/18/2015,-38584
2/19/2015,32418
2/20/2015,57529
2/21/2015,73867
2/22/2015,-10826
2/23/2015,4096
2/24/2015,33465
2/25/2015,-4311
2/26/2015,79668
2/27/2015,40322
2/28/2015,96254
3/1/2015,69657
3/2/2015,42136
3/3/2015,50307
3/4/2015,-15084
3/5/2015,26657
3/6/2015,51204
3/7/2015,-21619
3/8/2015,79064
3/9/2015,77148
3/10/2015,58474
3/11/2015,30298
3/12/2015,-39570
3/13/2015,97987
3/14/2015,-6176
3/15/2015,88880
3/16/2015,-19623
3/17/2015,82021
3/18/2015,81835
3/19/2015,20145
3/20/2015,-37532
3/21/2015,-5609
3/22/2015,-32925
3/23/2015,-32002
3/24/2015,70735
3/25/2015,-9922
3/26/2015,40578
3/27/2015,67314
3/28/2015,68036
3/29/2015,87661
3/30/2015,94656
3/31/2015,-9792
4/1/2015,11649
4/2/2015,93057
4/3/2015,-14388
4/4/2015,67560
4/5/2015,-18882
4/6/2015,52733
4/7/2015,31046
4/8/2015,49791
4/9/2015,-36109
4/10/2015,-32708
4/11/2015,76107
4/12/2015,42559
4/13/2015,86068
4/14/2015,97307
4/15/2015,57538
4/16/2015,-6025
4/17/2015,77005
4/18/2015,6720
4/19/2015,45507
4/20/2015,-17999
4/21/2015,43150
4/22/2015,71530
4/23/2015,64696
4/24/2015,-1457
4/25/2015,65900
4/26/2015,-32994
4/27/2015,-25852
4/28/2015,41078
4/29/2015,8524
4/30/2015,46181
5/1/2015,35921
5/2/2015,-32238
5/3/2015,13389
5/4/2015,25085
5/5/2015,4041
5/6/2015,21179
5/7/2015,-275
5/8/2015,17006
5/9/2015,43530
5/10/2015,-35090
5/11/2015,7859
5/12/2015,38018
5/13/2015,99906
5/14/2015,-9185
5/15/2015,87657
5/16/2015,37063
5/17/2015,57920
5/18/2015,21494
5/19/2015,22289
5/20/2015,-20226
5/21/2015,69913
5/22/2015,41425
5/23/2015,63177
5/24/2015,60796
5/25/2015,18678
5/26/2015,-28508
5/27/2015,33724
5/28/2015,77223
5/29/2015,-19572
5/30/2015,-33947
5/31/2015,-32808
6/1/2015,76318
6/2/2015,-24036
6/3/2015,54836
6/4/2015,-38875
6/5/2015,66567
6/6/2015,84448
6/7/2015,-33331
6/8/2015,60150
6/9/2015,-28011
6/10/2015,-1260
6/11/2015,54960
6/12/2015,-23912
6/13/2015,92237
6/14/2015,69776
6/15/2015,67275
6/16/2015,32533
6/17/2015,-31189
6/18/2015,82702
6/19/2015,-3727
6/20/2015,68621
6/21/2015,69382
6/22/2015,37817
6/23/2015,21603
6/24/2015,89363
6/25/2015,-17156
6/26/2015,61713
6/27/2015,43441
6/28/2015,80590
6/29/2015,87565
6/30/2015,63047
7/1/2015,-18985
7/2/2015,20141
7/3/2015,45342
7/4/2015,43747
7/5/2015,94461
7/6/2015,6756
7/7/2015,38054
7/8/2015,67277
7/9/2015,89967
7/10/2015,45744
7/11/2015,42371
7/12/2015,-5988
7/13/2015,95531
7/14/2015,-1725
7/15/2015,-6019
7/16/2015,23505
7/17/2015,-39278
7/18/2015,90598
7/19/2015,84814
7/20/2015,83049
7/21/2015,-25985
7/22/2015,75315
7/23/2015,72856
7/24/2015,97560
7/25/2015,93509
7/26/2015,57176
7/27/2015,25194
7/28/2015,84759
7/29/2015,-28108
7/30/2015,-18031
7/31/2015,3201
8/1/2015,83015
8/2/2015,99062
8/3/2015,17578
8/4/2015,-3575
8/5/2015,-19094
8/6/2015,56547
8/7/2015,-6048
8/8/2015,24028
8/9/2015,-19728
8/10/2015,-26320
8/11/2015,-31360
8/12/2015,58293
8/13/2015,20790
8/14/2015,-13721
8/15/2015,38842
8/16/2015,2681
8/17/2015,10498
8/18/2015,11444
8/19/2015,96466
8/20/2015,54380
8/21/2015,57452
8/22/2015,37576
8/23/2015,12713
8/24/2015,-8596
8/25/2015,96399
8/26/2015,83420
8/27/2015,72598
8/28/2015,62351
8/29/2015,87521
8/30/2015,-25383
8/31/2015,80979
9/1/2015,-26978
9/2/2015,62997
9/3/2015,-10001
9/4/2015,18362
9/5/2015,-33692
9/6/2015,-13764
9/7/2015,71493
9/8/2015,-21060
9/9/2015,85866
9/10/2015,54678
9/11/2015,49770
9/12/2015,-17445
9/13/2015,12538
9/14/2015,40784
9/15/2015,24589
9/16/2015,13757
9/17/2015,95809
9/18/2015,40188
9/19/2015,71123
9/20/2015,48185
9/21/2015,-21207
9/22/2015,16013
9/23/2015,64454
9/24/2015,45702
9/25/2015,3765
9/26/2015,55984
9/27/2015,82562
9/28/2015,-32396
9/29/2015,65377
9/30/2015,18257
10/1/2015,61583
10/2/2015,12161
10/3/2015,74231
10/4/2015,92104
10/5/2015,44868
10/6/2015,-13209
10/7/2015,-2628
10/8/2015,75017
10/9/2015,-136
10/10/2015,73010
10/11/2015,-11134
10/12/2015,45951
10/13/2015,25506
10/14/2015,-7568
10/15/2015,11687
10/16/2015,-27888
10/17/2015,42596
10/18/2015,63862
10/19/2015,26419
10/20/2015,3386
10/21/2015,39791
10/22/2015,82650
10/23/2015,-14902
10/24/2015,24680
10/25/2015,35610
10/26/2015,-14580
10/27/2015,86454
10/28/2015,69885
10/29/2015,97989
10/30/2015,50492
10/31/2015,74054
11/1/2015,30371
11/2/2015,316
11/3/2015,-20662
11/4/2015,29205
11/5/2015,-6227
11/6/2015,62106
11/7/2015,38433
11/8/2015,68868
11/9/2015,29950
11/10/2015,-4161
11/11/2015,55554
11/12/2015,62647
11/13/2015,-935
11/14/2015,72297
11/15/2015,-18432
11/16/2015,40064
11/17/2015,94645
11/18/2015,83403
11/19/2015,49729
11/20/2015,10407
11/21/2015,62640
11/22/2015,76645
11/23/2015,7734
11/24/2015,-9215
11/25/2015,-30172
11/26/2015,46383
11/27/2015,-27264
11/28/2015,70969
11/29/2015,21756
11/30/2015,29377
12/1/2015,14129
12/2/2015,31437
12/3/2015,98762
12/4/2015,96249
12/5/2015,-1021
12/6/2015,-7838
12/7/2015,61016
12/8/2015,59818
12/9/2015,16224
12/10/2015,44015
12/11/2015,-35508
12/12/2015,90977
12/13/2015,-12778
12/14/2015,-32204
12/15/2015,60580
12/16/2015,12205
12/17/2015,74147
12/18/2015,96462
12/19/2015,24117
12/20/2015,-11946
12/21/2015,-3489
12/22/2015,-9802
12/23/2015,13143
12/24/2015,45948
12/25/2015,67593
12/26/2015,-4005
12/27/2015,46831
12/28/2015,96632
12/29/2015,-6803
12/30/2015,-7267
12/31/2015,-27420
1/1/2016,-23597
1/2/2016,5437
1/3/2016,33366
1/4/2016,8506
1/5/2016,25030
1/6/2016,62900
1/7/2016,23772
1/8/2016,76852
1/9/2016,41783
1/10/2016,65275
1/11/2016,89213
1/12/2016,-706
1/13/2016,46187
1/14/2016,25294
1/15/2016,-26415
1/16/2016,15660
1/17/2016,58469
1/18/2016,88384
1/19/2016,-16342
1/20/2016,-23229
1/21/2016,22715
1/22/2016,-37496
1/23/2016,92844
1/24/2016,-4157
1/25/2016,-29831
1/26/2016,81702
1/27/2016,24630
1/28/2016,16723
1/29/2016,-15042
1/30/2016,22899
1/31/2016,37504
2/1/2016,-6653
2/2/2016,2369
2/3/2016,-17042
2/4/2016,58338
2/5/2016,68111
2/6/2016,-4948
2/7/2016,-31239
2/8/2016,47781
2/9/2016,64378
2/10/2016,-1921
2/11/2016,46111
2/12/2016,27307
2/13/2016,6527
2/14/2016,18836
2/15/2016,60441
2/16/2016,55044
2/17/2016,-12261
2/18/2016,14301
2/19/2016,40119
2/20/2016,19866
2/21/2016,-3392
2/22/2016,92207
2/23/2016,-17757
2/24/2016,34325
2/25/2016,22361
2/26/2016,-34789
2/27/2016,40236
2/28/2016,76828
2/29/2016,84345
3/1/2016,25601
3/2/2016,92753
3/3/2016,32529
3/4/2016,35671
3/5/2016,82729
3/6/2016,96864
3/7/2016,-15006
3/8/2016,68185
3/9/2016,63892
3/10/2016,-11482
3/11/2016,-21913
3/12/2016,60227
3/13/2016,93861
3/14/2016,27609
3/15/2016,31207
3/16/2016,11216
3/17/2016,36677
3/18/2016,84114
3/19/2016,-8567
3/20/2016,11273
3/21/2016,-11159
3/22/2016,49964
3/23/2016,-31976
3/24/2016,3689
3/25/2016,86034
3/26/2016,57570
3/27/2016,69193
3/28/2016,3030
3/29/2016,-7635
3/30/2016,-1933
3/31/2016,35519
4/1/2016,-30926
4/2/2016,-27229
4/3/2016,64308
4/4/2016,67328
4/5/2016,37881
4/6/2016,-33323
4/7/2016,79171
4/8/2016,7659
4/9/2016,36753
4/10/2016,4844
4/11/2016,75225
4/12/2016,59018
4/13/2016,68942
4/14/2016,-10609
4/15/2016,-14486
4/16/2016,4068
4/17/2016,-31803
4/18/2016,25696
4/19/2016,-14191
4/20/2016,-83
4/21/2016,90565
4/22/2016,-12977
4/23/2016,30975
4/24/2016,92405
4/25/2016,53570
4/26/2016,36638
4/27/2016,-38056
4/28/2016,9355
4/29/2016,-32862
4/30/2016,19180
5/1/2016,32045
5/2/2016,-4260
5/3/2016,-27876
5/4/2016,77129
5/5/2016,75690
5/6/2016,-31605
5/7/2016,-12052
5/8/2016,28636
5/9/2016,-30194
5/10/2016,-21241
5/11/2016,61335
5/12/2016,-2188
5/13/2016,-7791
5/14/2016,24659
5/15/2016,19158
5/16/2016,-17370
5/17/2016,75782
5/18/2016,34817
5/19/2016,-11415
5/20/2016,51388
5/21/2016,-21416
5/22/2016,11177
5/23/2016,-34718
5/24/2016,-26189
5/25/2016,8029
5/26/2016,-16208
5/27/2016,28021
5/28/2016,91013
5/29/2016,99338
5/30/2016,-25388
5/31/2016,44229
6/1/2016,99249
6/2/2016,-2232
6/3/2016,-31411
6/4/2016,-8036
6/5/2016,2673
6/6/2016,97288
6/7/2016,70804
6/8/2016,-5736
6/9/2016,-1438
6/10/2016,-17874
6/11/2016,-38815
6/12/2016,10494
6/13/2016,8348
6/14/2016,-35798
6/15/2016,-36635
6/16/2016,9681
6/17/2016,96471
6/18/2016,-28725
6/19/2016,87887
6/20/2016,24884
6/21/2016,-33902
6/22/2016,92028
6/23/2016,65765
6/24/2016,-7115
6/25/2016,12117
6/26/2016,-5823
6/27/2016,4045
6/28/2016,-34930
6/29/2016,-32820
6/30/2016,95122
7/1/2016,85441
7/2/2016,56232
7/3/2016,85670
7/4/2016,-15767
7/5/2016,75352
7/6/2016,87562
7/7/2016,61426
7/8/2016,66266
7/9/2016,30497
7/10/2016,44019
7/11/2016,89805
7/12/2016,58244
7/13/2016,18101
7/14/2016,75962
7/15/2016,85965
7/16/2016,-33558
7/17/2016,11593
7/18/2016,-2749
7/19/2016,-6376
7/20/2016,-37775
7/21/2016,36328
7/22/2016,98202
7/23/2016,29468
7/24/2016,76938
7/25/2016,-4027
7/26/2016,83838
7/27/2016,22172
7/28/2016,58209
7/29/2016,-268
7/30/2016,68996
7/31/2016,38924
8/1/2016,-35038
8/2/2016,23444
8/3/2016,19969
8/4/2016,28109
8/5/2016,99990
8/6/2016,18020
8/7/2016,-34725
8/8/2016,22448
8/9/2016,36314
8/10/2016,44194
8/11/2016,31223
8/12/2016,54646
8/13/2016,61231
8/14/2016,26759
8/15/2016,25011
8/16/2016,-26765
8/17/2016,29786
8/18/2016,-5017
8/19/2016,32846
8/20/2016,1153
8/21/2016,-2527
8/22/2016,80584
8/23/2016,15144
8/24/2016,87086
8/25/2016,95106
8/26/2016,79499
8/27/2016,-4092
8/28/2016,62991
8/29/2016,-11112
8/30/2016,7195
8/31/2016,-24139
9/1/2016,47269
9/2/2016,-36275
9/3/2016,23045
9/4/2016,71027
9/5/2016,22077
9/6/2016,2407
9/7/2016,-5092
9/8/2016,95373
9/9/2016,66736
9/10/2016,-2760
9/11/2016,79682
9/12/2016,42824
9/13/2016,-14465
9/14/2016,48580
9/15/2016,-37523
9/16/2016,55468
9/17/2016,42456
9/18/2016,91340
9/19/2016,3359
9/20/2016,38416
9/21/2016,74225
9/22/2016,28954
9/23/2016,98277
9/24/2016,61546
9/25/2016,6722
9/26/2016,86863
9/27/2016,12696
9/28/2016,80274
9/29/2016,95534
9/30/2016,58858
10/1/2016,-1559
10/2/2016,-10008
10/3/2016,51933
10/4/2016,-18749
10/5/2016,87267
10/6/2016,57246
10/7/2016,26337
10/8/2016,72122
10/9/2016,-34290
10/10/2016,-17411
10/11/2016,46575
10/12/2016,15286
10/13/2016,29568
10/14/2016,88638
10/15/2016,86821
10/16/2016,68177
10/17/2016,12122
10/18/2016,73708
10/19/2016,74095
10/20/2016,77775
10/21/2016,-32059
10/22/2016,60720
10/23/2016,31538
10/24/2016,4881
10/25/2016,-15352
10/26/2016,96271
10/27/2016,-15165
10/28/2016,-36278
10/29/2016,-34267
10/30/2016,-2779
10/31/2016,1227
11/1/2016,-6960
11/2/2016,53716
11/3/2016,72688
11/4/2016,-11667
11/5/2016,51665
11/6/2016,55228
11/7/2016,-33056
11/8/2016,27059
11/9/2016,24387
11/10/2016,85357
11/11/2016,-27893
11/12/2016,-17489
11/13/2016,50192
11/14/2016,29931
11/15/2016,19636
11/16/2016,29428
11/17/2016,11667
11/18/2016,9240
11/19/2016,56708
11/20/2016,69251
11/21/2016,41249
11/22/2016,-30056
11/23/2016,34679
11/24/2016,24311
11/25/2016,52096
11/26/2016,70860
11/27/2016,71076
11/28/2016,3626
11/29/2016,-4008
11/30/2016,65587
12/1/2016,3660
12/2/2016,-5708
12/3/2016,2282
12/4/2016,49311
12/5/2016,-18588
12/6/2016,-7905
12/7/2016,75970
12/8/2016,15552
12/9/2016,-33725
12/10/2016,55210
12/11/2016,-6709
12/12/2016,83807
12/13/2016,-4010
12/14/2016,42561
12/15/2016,33302
12/16/2016,70653
12/17/2016,27271
12/18/2016,47722
12/19/2016,15450
12/20/2016,19939
12/21/2016,12962
12/22/2016,-28370
12/23/2016,22890
12/24/2016,52272
12/25/2016,-29294
12/26/2016,-37574
12/27/2016,76478
12/28/2016,30529
12/29/2016,37410
12/30/2016,38992
12/31/2016,-37075
1/1/2017,-6488
1/2/2017,31894
1/3/2017,-19834
1/4/2017,26798
1/5/2017,70830
1/6/2017,14335
1/7/2017,61123
1/8/2017,67277
1/9/2017,61957
1/10/2017,82001
1/11/2017,62702
1/12/2017,79283
1/13/2017,-2708
1/14/2017,36193
1/15/2017,67215
1/16/2017,83363
1/17/2017,39673
1/18/2017,-20805
1/19/2017,-34582
1/20/2017,79374
1/21/2017,13115
1/22/2017,92349
1/23/2017,36821
1/24/2017,-25603
1/25/2017,-22777
1/26/2017,69125
1/27/2017,-31250
1/28/2017,18242
1/29/2017,62963
1/30/2017,51113
1/31/2017,31027
2/1/2017,-20507
2/2/2017,40821
2/3/2017,37997
2/4/2017,96369
2/5/2017,61053
2/6/2017,-33112
2/7/2017,23053
2/8/2017,-33504
2/9/2017,83677
2/10/2017,-3690
2/11/2017,-22720
2/12/2017,48527
2/13/2017,40063
2/14/2017,-39097
2/15/2017,99530
2/16/2017,31844
2/17/2017,38886
2/18/2017,65215
2/19/2017,25161
2/20/2017,80170
2/21/2017,33606
2/22/2017,11193
2/23/2017,-11505
2/24/2017,-9221
2/25/2017,4963
2/26/2017,-6117
2/27/2017,86786
2/28/2017,5606
3/1/2017,78969
3/2/2017,35844
3/3/2017,76367
3/4/2017,82958
3/5/2017,-5064
3/6/2017,58618
3/7/2017,4849
3/8/2017,-36070
3/9/2017,-21552
3/10/2017,29208
3/11/2017,70439
3/12/2017,-37354
3/13/2017,47880
3/14/2017,28213
3/15/2017,30322
3/16/2017,25764
3/17/2017,60883
3/18/2017,46401
3/19/2017,45575
3/20/2017,34434
3/21/2017,56069
3/22/2017,-32503
3/23/2017,64758
3/24/2017,49421
3/25/2017,97310
3/26/2017,53052
3/27/2017,13756
3/28/2017,42776
3/29/2017,48440
3/30/2017,21299
3/31/2017,19661
4/1/2017,49437
4/2/2017,-37396
4/3/2017,92966
4/4/2017,3758
4/5/2017,12994
4/6/2017,73035
4/7/2017,-6993
4/8/2017,-8784
4/9/2017,23038
4/10/2017,77076
4/11/2017,11476
4/12/2017,3706
4/13/2017,88529
4/14/2017,42987
4/15/2017,31510
4/16/2017,90199
4/17/2017,-39003
4/18/2017,-18799
4/19/2017,73401
4/20/2017,41157
4/21/2017,-9881
4/22/2017,40578
4/23/2017,82020
4/24/2017,82983
4/25/2017,37664
4/26/2017,-16314
4/27/2017,31129
4/28/2017,93222
4/29/2017,45153
4/30/2017,-3750
5/1/2017,61705
5/2/2017,-22693
5/3/2017,-29734
5/4/2017,202
5/5/2017,-12325
5/6/2017,53804
5/7/2017,63373
5/8/2017,68140
5/9/2017,-18090
5/10/2017,1848
5/11/2017,35808
5/12/2017,74728
5/13/2017,49828
5/14/2017,-22864
5/15/2017,24746
5/16/2017,80293
5/17/2017,91885
5/18/2017,79945
5/19/2017,73908
5/20/2017,95101
5/21/2017,72372
5/22/2017,77633
5/23/2017,-17939
5/24/2017,88980
5/25/2017,44470
5/26/2017,-1744
5/27/2017,45712
5/28/2017,39472
5/29/2017,78326
5/30/2017,-10493
5/31/2017,53543
6/1/2017,-19616
6/2/2017,36326
6/3/2017,-38792
6/4/2017,-31314
6/5/2017,22078
6/6/2017,5192
6/7/2017,42006
6/8/2017,85161
6/9/2017,28149
6/10/2017,-21657
6/11/2017,51895
6/12/2017,44336
6/13/2017,-6609
6/14/2017,49712
6/15/2017,17034
6/16/2017,-17582
6/17/2017,71085
6/18/2017,92903
6/19/2017,31274
6/20/2017,55047
6/21/2017,-14699
6/22/2017,43986
6/23/2017,53090
6/24/2017,92840
6/25/2017,-22852
6/26/2017,-20980
6/27/2017,64570
6/28/2017,61744
6/29/2017,-7916
6/30/2017,27577
7/1/2017,81302
7/2/2017,-24804
7/3/2017,42034
7/4/2017,60553
7/5/2017,7489
7/6/2017,9689
7/7/2017,5406
7/8/2017,15634
7/9/2017,86892
7/10/2017,69963
7/11/2017,-25998
7/12/2017,-28060
7/13/2017,54713
7/14/2017,-38668
7/15/2017,67662
7/16/2017,-38733
7/17/2017,-6176
7/18/2017,-16138
7/19/2017,7405
7/20/2017,-25901
7/21/2017,53321
7/22/2017,73552
7/23/2017,45412
7/24/2017,84559
7/25/2017,33496
7/26/2017,40636
7/27/2017,63763
7/28/2017,30951
7/29/2017,14892
7/30/2017,31797
7/31/2017,42798
8/1/2017,89692
8/2/2017,-27257
8/3/2017,50091
8/4/2017,-24007
8/5/2017,-38596
8/6/2017,-4065
8/7/2017,-28041
8/8/2017,-27632
8/9/2017,62642
8/10/2017,28597
8/11/2017,63271
8/12/2017,-25572
8/13/2017,-12457
8/14/2017,34686
8/15/2017,64723
8/16/2017,-7824
8/17/2017,92848
8/18/2017,16934
8/19/2017,38426
8/20/2017,72771
8/21/2017,20956
8/22/2017,-25644
8/23/2017,52506
8/24/2017,26391
8/25/2017,-13126
8/26/2017,5413
8/27/2017,2900
8/28/2017,43864
8/29/2017,-20500
8/30/2017,10537
8/31/2017,88590
9/1/2017,13316
9/2/2017,-31775
9/3/2017,-31508
9/4/2017,-18494
9/5/2017,-30466
9/6/2017,90773
9/7/2017,8175
9/8/2017,65767
9/9/2017,31631
9/10/2017,18231
9/11/2017,93398
9/12/2017,30345
9/13/2017,54438
9/14/2017,-16015
9/15/2017,-25227
9/16/2017,-35919
9/17/2017,69457
9/18/2017,15372
9/19/2017,17473
9/20/2017,9011
9/21/2017,38352
9/22/2017,8512
9/23/2017,54995
9/24/2017,43210
9/25/2017,30980
9/26/2017,-15717
9/27/2017,-19434
9/28/2017,62355
9/29/2017,-32170
9/30/2017,41855
10/1/2017,79329
10/2/2017,96366
10/3/2017,-12255
10/4/2017,60287
10/5/2017,-6955
10/6/2017,62279
10/7/2017,-24765
10/8/2017,5971
10/9/2017,-1091
10/10/2017,-38290
10/11/2017,12676
10/12/2017,58073
10/13/2017,30535
10/14/2017,1994
10/15/2017,99045
10/16/2017,96366
10/17/2017,77046
10/18/2017,90612
10/19/2017,98528
10/20/2017,82205
10/21/2017,-23389
10/22/2017,36565
10/23/2017,-6162
10/24/2017,14845
10/25/2017,39441
10/26/2017,90189
10/27/2017,5497
10/28/2017,26842
10/29/2017,12042
10/30/2017,-22459
10/31/2017,-39791
11/1/2017,-13074
11/2/2017,27502
11/3/2017,34980
11/4/2017,86501
11/5/2017,78126
11/6/2017,5119
11/7/2017,-1263
11/8/2017,1296
11/9/2017,-8166
11/10/2017,40288
11/11/2017,-36841
11/12/2017,-10080
11/13/2017,-25170
11/14/2017,73432
11/15/2017,-25069
11/16/2017,28423
11/17/2017,12993
11/18/2017,84920
11/19/2017,-3915
11/20/2017,79533
11/21/2017,-36719
11/22/2017,81209
11/23/2017,43588
11/24/2017,16509
11/25/2017,34735
11/26/2017,-16235
11/27/2017,95881
11/28/2017,32569
11/29/2017,25285
11/30/2017,85554
12/1/2017,68328
12/2/2017,-34897
12/3/2017,45752
12/4/2017,59267
12/5/2017,71132
12/6/2017,27073
12/7/2017,126
12/8/2017,-33424
12/9/2017,-34261
12/10/2017,72427
12/11/2017,-28003
12/12/2017,37918
12/13/2017,1173
12/14/2017,15591
12/15/2017,27267
12/16/2017,10315
12/17/2017,59045
12/18/2017,58947
12/19/2017,24519
12/20/2017,87752
12/21/2017,58167
12/22/2017,86033
12/23/2017,84650
12/24/2017,32505
12/25/2017,85625
12/26/2017,76244
12/27/2017,87454
12/28/2017,-9092
12/29/2017,-30481
12/30/2017,-8939
12/31/2017,46584
1/1/2018,18048
1/2/2018,29594
1/3/2018,82321
1/4/2018,26
1/5/2018,78293
1/6/2018,84100
1/7/2018,33413
1/8/2018,60757
1/9/2018,3175
1/10/2018,32202
1/11/2018,-15936
1/12/2018,45002
1/13/2018,-36710
1/14/2018,25337
1/15/2018,42965
1/16/2018,27185
1/17/2018,105606
1/18/2018,89022
1/19/2018,85428
1/20/2018,5994
1/21/2018,82361
1/22/2018,52682
1/23/2018,-1788
1/24/2018,34391
1/25/2018,6969
1/26/2018,2441
1/27/2018,20706
1/28/2018,615
1/29/2018,-21258
1/30/2018,108066
1/31/2018,79314
2/1/2018,-26589
2/2/2018,-37515
2/3/2018,100369
2/4/2018,23663
2/5/2018,39708
2/6/2018,61960
2/7/2018,99844
2/8/2018,-20791
2/9/2018,62703
2/10/2018,-47145
2/11/2018,5621
2/12/2018,89950
2/13/2018,30164
2/14/2018,54738
2/15/2018,8744
2/16/2018,-15103
2/17/2018,62089
2/18/2018,-41916
2/19/2018,16083
2/20/2018,-33117
2/21/2018,53295
2/22/2018,66857
2/23/2018,-16810
2/24/2018,29714
2/25/2018,51277
2/26/2018,12547
2/27/2018,71661
2/28/2018,-35057
3/1/2018,9733
3/2/2018,3283
3/3/2018,3321
3/4/2018,72035
3/5/2018,4222
3/6/2018,33415
3/7/2018,14723
3/8/2018,83408
3/9/2018,75308
3/10/2018,13725
3/11/2018,81715
3/12/2018,85590
3/13/2018,82427
3/14/2018,73993
3/15/2018,8772
3/16/2018,10251
3/17/2018,-49133
3/18/2018,-18297
3/19/2018,-42647
3/20/2018,-12096
3/21/2018,89892
3/22/2018,22595
3/23/2018,20360
3/24/2018,64956
3/25/2018,70759
3/26/2018,11633
3/27/2018,12669
3/28/2018,-43032
3/29/2018,109852
3/30/2018,34426
3/31/2018,1421
4/1/2018,54397
4/2/2018,57419
4/3/2018,43389
4/4/2018,25124
4/5/2018,85666
4/6/2018,93684
4/7/2018,-18598
4/8/2018,-24985
4/9/2018,40680
4/10/2018,95408
4/11/2018,67382
4/12/2018,56480
4/13/2018,12879
4/14/2018,57337
4/15/2018,-6363
4/16/2018,-25232
4/17/2018,91209
4/18/2018,-34451
4/19/2018,14806
4/20/2018,-20998
4/21/2018,-48211
4/22/2018,74627
4/23/2018,22502
4/24/2018,59981
4/25/2018,22976
4/26/2018,6158
4/27/2018,-21196
4/28/2018,-32827
4/29/2018,49269
4/30/2018,-27323
5/1/2018,66724
5/2/2018,90651
5/3/2018,103473
5/4/2018,110
5/5/2018,15583
5/6/2018,-2794
5/7/2018,30177
5/8/2018,72730
5/9/2018,54716
5/10/2018,108808
5/11/2018,99664
5/12/2018,61342
5/13/2018,-26932
5/14/2018,-33422
5/15/2018,-13546
5/16/2018,-40150
5/17/2018,108011
5/18/2018,26124
5/19/2018,8368
5/20/2018,-19289
5/21/2018,-25650
5/22/2018,-4372
5/23/2018,65160
5/24/2018,100136
5/25/2018,84300
5/26/2018,63529
5/27/2018,84999
5/28/2018,9405
5/29/2018,109276
5/30/2018,-11391
5/31/2018,11191
6/1/2018,61928
6/2/2018,-24038
6/3/2018,-17696
6/4/2018,-27015
6/5/2018,2720
6/6/2018,-42639
6/7/2018,2736
6/8/2018,-46243
6/9/2018,31839
6/10/2018,86782
6/11/2018,53858
6/12/2018,-28917
6/13/2018,-4160
6/14/2018,-21229
6/15/2018,23356
6/16/2018,-45238
6/17/2018,90285
6/18/2018,16260
6/19/2018,-44984
6/20/2018,41109
6/21/2018,-39528
6/22/2018,-40911
6/23/2018,32596
6/24/2018,31137
6/25/2018,97929
6/26/2018,-9528
6/27/2018,39321
6/28/2018,82930
6/29/2018,35583
6/30/2018,-45527
7/1/2018,17257
7/2/2018,101797
7/3/2018,91479
7/4/2018,-29047
7/5/2018,89145
7/6/2018,-6534
7/7/2018,-26087
7/8/2018,38314
7/9/2018,-31085
7/10/2018,29225
7/11/2018,-37035
7/12/2018,52839
7/13/2018,65371
7/14/2018,107093
7/15/2018,-43171
7/16/2018,26256
7/17/2018,-29090
7/18/2018,-27772
7/19/2018,-8872
7/20/2018,107080
7/21/2018,-8924
7/22/2018,23914
7/23/2018,-22637
7/24/2018,57655
7/25/2018,67831
7/26/2018,-5907
7/27/2018,91554
7/28/2018,8726
7/29/2018,-43158
7/30/2018,4372
7/31/2018,100578
8/1/2018,106788
8/2/2018,-3215
8/3/2018,61154
8/4/2018,6321
8/5/2018,10153
8/6/2018,-45859
8/7/2018,53120
8/8/2018,50331
8/9/2018,38385
8/10/2018,-37802
8/11/2018,104468
8/12/2018,73513
8/13/2018,90882
8/14/2018,26791
8/15/2018,-28936
8/16/2018,-45205
8/17/2018,57733
8/18/2018,32533
8/19/2018,105608
8/20/2018,20290
8/21/2018,-47792
8/22/2018,64971
8/23/2018,47202
8/24/2018,3617
8/25/2018,-2675
8/26/2018,46902
8/27/2018,-30593
8/28/2018,73803
8/29/2018,64446
8/30/2018,1906
8/31/2018,81615
9/1/2018,75689
9/2/2018,11355
9/3/2018,32332
9/4/2018,19711
9/5/2018,-44972
9/6/2018,-664
9/7/2018,41668
9/8/2018,54615
9/9/2018,-45353
9/10/2018,-22826
9/11/2018,55651
9/12/2018,-23658
9/13/2018,63588
9/14/2018,19474
9/15/2018,61913
9/16/2018,109804
9/17/2018,98476
9/18/2018,-44614
9/19/2018,-40561
9/20/2018,-8996
9/21/2018,10234
9/22/2018,93552
9/23/2018,100217
9/24/2018,-14330
9/25/2018,101124
9/26/2018,-35987
9/27/2018,34131
9/28/2018,-25645
9/29/2018,91820
9/30/2018,73617
10/1/2018,-22043
10/2/2018,-31558
10/3/2018,33929
10/4/2018,-188
10/5/2018,85773
10/6/2018,29643
10/7/2018,41596
10/8/2018,42972
10/9/2018,71540
10/10/2018,50301
10/11/2018,-30006
10/12/2018,66573
10/13/2018,106380
10/14/2018,100028
10/15/2018,98656
10/16/2018,-58
10/17/2018,96883
10/18/2018,95261
10/19/2018,89663
10/20/2018,-16617
10/21/2018,89082
10/22/2018,-22413
10/23/2018,91332
10/24/2018,98052
10/25/2018,-22125
10/26/2018,36440
10/27/2018,109147
10/28/2018,3729
10/29/2018,77512
10/30/2018,13327
10/31/2018,45907
11/1/2018,106582
11/2/2018,72315
11/3/2018,87665
11/4/2018,19797
11/5/2018,43616
11/6/2018,5531
11/7/2018,28685
11/8/2018,70588
11/9/2018,73748
11/10/2018,-18098
11/11/2018,-15144
11/12/2018,-3467
11/13/2018,48159
11/14/2018,-13590
11/15/2018,-11234
11/16/2018,20846
11/17/2018,93535
11/18/2018,108929
11/19/2018,14248
11/20/2018,90965
11/21/2018,49349
11/22/2018,-22574
11/23/2018,81246
11/24/2018,58177
11/25/2018,74850
11/26/2018,108488
11/27/2018,52171
11/28/2018,77349
11/29/2018,36180
11/30/2018,75383
12/1/2018,12043
12/2/2018,-35255
12/3/2018,-6358
12/4/2018,28691
12/5/2018,96534
12/6/2018,86230
12/7/2018,27854
12/8/2018,-29907
12/9/2018,-17591
12/10/2018,82426
12/11/2018,33335
12/12/2018,99510
12/13/2018,8857
12/14/2018,109244
12/15/2018,66461
12/16/2018,56145
12/17/2018,-21707
12/18/2018,-21153
12/19/2018,90401
12/20/2018,10269
12/21/2018,105724
12/22/2018,102897
12/23/2018,-29561
12/24/2018,-38571
12/25/2018,50345
12/26/2018,-3531
12/27/2018,-39475
12/28/2018,50863
12/29/2018,-4066
12/30/2018,50633
12/31/2018,-49779
1/1/2019,39719
1/2/2019,-13411
1/3/2019,-41298
1/4/2019,74885
1/5/2019,76932
1/6/2019,-15271
1/7/2019,43854
1/8/2019,-19926
1/9/2019,74482
1/10/2019,36030
1/11/2019,5489
1/12/2019,40294
1/13/2019,-26845
1/14/2019,-39745
1/15/2019,-16055
1/16/2019,-45328
1/17/2019,-44588
1/18/2019,24525
1/19/2019,-45975
1/20/2019,94094
1/21/2019,-49426
1/22/2019,106627
1/23/2019,71336
1/24/2019,76103
1/25/2019,96664
1/26/2019,59543
1/27/2019,58664
1/28/2019,12950
1/29/2019,65498
1/30/2019,44876
1/31/2019,-626
2/1/2019,85203
2/2/2019,76074
2/3/2019,11769
2/4/2019,-4524
2/5/2019,54390
2/6/2019,100279
2/7/2019,-79
2/8/2019,-48980
2/9/2019,88286
2/10/2019,72163
2/11/2019,64211
2/12/2019,-39677
2/13/2019,67264
2/14/2019,91024
2/15/2019,60253
2/16/2019,-8770
2/17/2019,-7928
2/18/2019,35941
2/19/2019,107262
2/20/2019,-24605
2/21/2019,78138
2/22/2019,45452
2/23/2019,90894
2/24/2019,-27653
2/25/2019,56181
2/26/2019,-22517
2/27/2019,107975
2/28/2019,107529
3/1/2019,-19160
3/2/2019,-38354
3/3/2019,99701
3/4/2019,33286
3/5/2019,868
3/6/2019,44810
3/7/2019,79147
3/8/2019,-6609
3/9/2019,16254
3/10/2019,59065
3/11/2019,17617
3/12/2019,73705
3/13/2019,73349
3/14/2019,-26939
3/15/2019,-30077
3/16/2019,41295
3/17/2019,-20921
3/18/2019,-43067
3/19/2019,63166
3/20/2019,-1420
3/21/2019,72933
3/22/2019,97456
3/23/2019,92074
3/24/2019,-46891
3/25/2019,2951
3/26/2019,81975
3/27/2019,-32333
3/28/2019,36914
3/29/2019,-30977
3/30/2019,103697
3/31/2019,73537
4/1/2019,33715
4/2/2019,14181
4/3/2019,89935
4/4/2019,-10514
4/5/2019,106067
4/6/2019,103655
4/7/2019,16144
4/8/2019,41132
4/9/2019,47647
4/10/2019,-40399
4/11/2019,66092
4/12/2019,12121
4/13/2019,-15277
4/14/2019,87544
4/15/2019,-38568
4/16/2019,-28748
4/17/2019,45592
4/18/2019,93118
4/19/2019,83653
4/20/2019,76641
4/21/2019,-1303
4/22/2019,-26413
4/23/2019,-9497
4/24/2019,-38307
4/25/2019,80039
4/26/2019,8260
4/27/2019,9564
4/28/2019,26051
4/29/2019,98487
4/30/2019,24434
5/1/2019,76195
5/2/2019,28667
5/3/2019,26782
5/4/2019,-46707
5/5/2019,24124
5/6/2019,-10564
5/7/2019,47425
5/8/2019,44564
5/9/2019,52703
5/10/2019,-47459
5/11/2019,88536
5/12/2019,61932
5/13/2019,99223
5/14/2019,73368
5/15/2019,-49938
5/16/2019,96423
5/17/2019,53091
5/18/2019,-28430
5/19/2019,45952
5/20/2019,93093
5/21/2019,69373
5/22/2019,-37805
5/23/2019,95427
5/24/2019,21105
5/25/2019,-31316
5/26/2019,64359
5/27/2019,71170
5/28/2019,88866
5/29/2019,71752
5/30/2019,92880
5/31/2019,58659
6/1/2019,105960
6/2/2019,-30944
6/3/2019,105064
6/4/2019,39416
6/5/2019,-14674
6/6/2019,-582
6/7/2019,56693
6/8/2019,53345
6/9/2019,41395
6/10/2019,-31061
6/11/2019,68917
6/12/2019,29383
6/13/2019,-21668
6/14/2019,37691
6/15/2019,-29299
6/16/2019,29709
6/17/2019,32442
6/18/2019,34086
6/19/2019,-28458
6/20/2019,68411
6/21/2019,19609
6/22/2019,85426
6/23/2019,28685
6/24/2019,27037
6/25/2019,48509
6/26/2019,84449
6/27/2019,-20361
6/28/2019,-44907
6/29/2019,-27921
6/30/2019,25770
7/1/2019,-33791
7/2/2019,55127
7/3/2019,-37315
7/4/2019,109217
7/5/2019,-16114
7/6/2019,79356
7/7/2019,70844
7/8/2019,88579
7/9/2019,-22797
7/10/2019,106607
7/11/2019,-11327
7/12/2019,58485
7/13/2019,-24169
7/14/2019,99851
7/15/2019,25370
7/16/2019,65824
7/17/2019,16530
7/18/2019,83034
7/19/2019,-11443
7/20/2019,15782
7/21/2019,20734
7/22/2019,-36738
7/23/2019,48537
7/24/2019,85233
7/25/2019,35544
7/26/2019,42751
7/27/2019,27638
7/28/2019,58397
7/29/2019,40751
7/30/2019,19120
7/31/2019,91955
8/1/2019,-26298
8/2/2019,-33228
8/3/2019,-15989
8/4/2019,50385
8/5/2019,-35859
8/6/2019,50349
8/7/2019,44708
8/8/2019,31354
8/9/2019,-20112
8/10/2019,36567
8/11/2019,91836
8/12/2019,49032
8/13/2019,-2957
8/14/2019,-6511
8/15/2019,87911
8/16/2019,-25730
8/17/2019,87126
8/18/2019,104996
8/19/2019,84620
8/20/2019,27769
8/21/2019,101171
8/22/2019,16034
8/23/2019,3006
8/24/2019,40535
8/25/2019,36957
8/26/2019,21515
8/27/2019,52482
8/28/2019,66553
8/29/2019,-1024
8/30/2019,79595
8/31/2019,68767
9/1/2019,-19427
9/2/2019,-41826
9/3/2019,25804
9/4/2019,71738
9/5/2019,49170
9/6/2019,21195
9/7/2019,1964
9/8/2019,-6487
9/9/2019,15742
9/10/2019,-772
9/11/2019,2790
9/12/2019,-3195
9/13/2019,-20979
9/14/2019,14040
9/15/2019,17563
9/16/2019,86054
9/17/2019,59234
9/18/2019,53473
9/19/2019,-8663
9/20/2019,-42594
9/21/2019,-25340
9/22/2019,-23600
9/23/2019,-29649
9/24/2019,-30042
9/25/2019,91567
9/26/2019,-10198
9/27/2019,-23993
9/28/2019,38016
9/29/2019,-20669
9/30/2019,12262
10/1/2019,87853
10/2/2019,7088
10/3/2019,81843
10/4/2019,100039
10/5/2019,-13765
10/6/2019,87169
10/7/2019,102744
10/8/2019,42463
10/9/2019,67014
10/10/2019,104863
10/11/2019,99285
10/12/2019,1803
10/13/2019,56510
10/14/2019,23606
10/15/2019,88561
10/16/2019,67455
10/17/2019,17016
10/18/2019,-48043
10/19/2019,7697
10/20/2019,95176
10/21/2019,73827
10/22/2019,98185
10/23/2019,-25775
10/24/2019,74992
10/25/2019,56951
10/26/2019,104547
10/27/2019,41287
10/28/2019,74882
10/29/2019,55492
10/30/2019,-35987
10/31/2019,-18635
11/1/2019,-42558
11/2/2019,-11699
11/3/2019,84614
11/4/2019,-42908
11/5/2019,31717
11/6/2019,60710
11/7/2019,-38829
11/8/2019,72354
11/9/2019,-41578
11/10/2019,25852
11/11/2019,-48686
11/12/2019,-45880
11/13/2019,-7570
11/14/2019,50279
11/15/2019,86809
11/16/2019,9560
11/17/2019,-30098
11/18/2019,-22340
11/19/2019,38391
11/20/2019,-10752
11/21/2019,-46438
11/22/2019,66670
11/23/2019,81736
11/24/2019,28612
11/25/2019,-29426
11/26/2019,-44328
11/27/2019,47781
11/28/2019,69715
11/29/2019,108084
11/30/2019,18676
12/1/2019,-14033
12/2/2019,44600
12/3/2019,26314
12/4/2019,64673
12/5/2019,41432
12/6/2019,-46109
12/7/2019,22081
12/8/2019,-26790
12/9/2019,77065
12/10/2019,62090
12/11/2019,52993
12/12/2019,-1220
12/13/2019,31711
12/14/2019,-38751
12/15/2019,17605
12/16/2019,47179
12/17/2019,82021
12/18/2019,25095
12/19/2019,-28641
12/20/2019,13293
12/21/2019,18370
12/22/2019,64413
12/23/2019,22137
12/24/2019,75675
12/25/2019,47669
12/26/2019,49277
12/27/2019,105104
12/28/2019,95287
12/29/2019,86044
12/30/2019,23126
12/31/2019,-44176
1/1/2020,68391
1/2/2020,34431
1/3/2020,25622
1/4/2020,101072
1/5/2020,57499
1/6/2020,6010
1/7/2020,-30125
1/8/2020,43511
1/9/2020,18414
1/10/2020,-42850
1/11/2020,81950
1/12/2020,23198
1/13/2020,93152
1/14/2020,42109
1/15/2020,103585
1/16/2020,3044
1/17/2020,-1799
1/18/2020,29923
1/19/2020,37133
1/20/2020,-38993
1/21/2020,-39274
1/22/2020,-47072
1/23/2020,52222
1/24/2020,54785
1/25/2020,-49902
1/26/2020,-17507
1/27/2020,95251
1/28/2020,85339
1/29/2020,9044
1/30/2020,58648
1/31/2020,100052
2/1/2020,-12597
2/2/2020,-19212
2/3/2020,44965
2/4/2020,18829
2/5/2020,52309
2/6/2020,91699
2/7/2020,69200
2/8/2020,46981
2/9/2020,62859
2/10/2020,50731
2/11/2020,81386
2/12/2020,34489
2/13/2020,-34297
2/14/2020,105667
2/15/2020,-25113
2/16/2020,-1253
2/17/2020,29779
2/18/2020,-11159
2/19/2020,4602
2/20/2020,52962
2/21/2020,20531
2/22/2020,-22010
2/23/2020,-5489
2/24/2020,56026
2/25/2020,89869
2/26/2020,27154
2/27/2020,98376
2/28/2020,-1436
2/29/2020,15257
3/1/2020,73413
3/2/2020,15055
3/3/2020,73400
3/4/2020,-45353
3/5/2020,94740
3/6/2020,-16393
3/7/2020,62062
3/8/2020,59345
3/9/2020,26657
3/10/2020,-349
3/11/2020,83962
3/12/2020,8908
3/13/2020,74005
3/14/2020,24611
3/15/2020,-38303
3/16/2020,47828
3/17/2020,-48212
3/18/2020,45005
3/19/2020,55180
3/20/2020,11919
3/21/2020,-15284
3/22/2020,41615
3/23/2020,61066
3/24/2020,26466
3/25/2020,-29925
3/26/2020,27946
3/27/2020,-9157
3/28/2020,49636
3/29/2020,-33726
3/30/2020,107960
3/31/2020,15663
4/1/2020,-15576
4/2/2020,91364
4/3/2020,76106
4/4/2020,55543
4/5/2020,-32215
4/6/2020,109578
4/7/2020,26790
4/8/2020,27007
4/9/2020,85021
4/10/2020,-44659
4/11/2020,22416
4/12/2020,98577
4/13/2020,-7681
4/14/2020,26050
4/15/2020,-19113
4/16/2020,65860
4/17/2020,58530
4/18/2020,-26556
4/19/2020,12092
4/20/2020,5844
4/21/2020,108925
4/22/2020,-36627
4/23/2020,83989
4/24/2020,94049
4/25/2020,28034
4/26/2020,10323
4/27/2020,45160
4/28/2020,79373
4/29/2020,50189
4/30/2020,-42635
5/1/2020,-43143
5/2/2020,56200
5/3/2020,92910
5/4/2020,-45760
5/5/2020,52813
5/6/2020,-11474
5/7/2020,87162
5/8/2020,72902
5/9/2020,46488
5/10/2020,12048
5/11/2020,30555
5/12/2020,90293
5/13/2020,-40327
5/14/2020,23125
5/15/2020,77757
5/16/2020,108208
5/17/2020,51433
5/18/2020,-29570
5/19/2020,45581
5/20/2020,89395
5/21/2020,-25226
5/22/2020,1689
5/23/2020,18276
5/24/2020,107805
5/25/2020,-11907
5/26/2020,-40019
5/27/2020,20613
5/28/2020,20006
5/29/2020,55304
5/30/2020,21783
5/31/2020,14990
6/1/2020,53649
6/2/2020,-18137
6/3/2020,19338
6/4/2020,84225
6/5/2020,65904
6/6/2020,-39502
6/7/2020,35997
6/8/2020,-43878
6/9/2020,79529
6/10/2020,4567
6/11/2020,76125
6/12/2020,-10636
6/13/2020,67611
6/14/2020,9463
6/15/2020,46746
6/16/2020,-17139
6/17/2020,-30261
6/18/2020,-4358
6/19/2020,-45291
6/20/2020,52530
6/21/2020,32591
6/22/2020,70801
6/23/2020,-39427
6/24/2020,76557
6/25/2020,58545
6/26/2020,-20425
6/27/2020,-21911
6/28/2020,13321
6/29/2020,79760
6/30/2020,16674
7/1/2020,105210
7/2/2020,38211
7/3/2020,-36045
7/4/2020,80147
7/5/2020,5986
7/6/2020,5106
7/7/2020,84470
7/8/2020,97149
7/9/2020,16923
7/10/2020,101176
7/11/2020,86434
7/12/2020,-47512
7/13/2020,-19948
7/14/2020,96655
7/15/2020,73038
7/16/2020,63904
7/17/2020,44650
7/18/2020,26924
7/19/2020,40006
7/20/2020,56276
7/21/2020,71255
7/22/2020,-44337
7/23/2020,12496
7/24/2020,-33193
7/25/2020,92626
7/26/2020,99885
7/27/2020,99477
7/28/2020,76579
7/29/2020,-13971
7/30/2020,40534
7/31/2020,-27054
8/1/2020,18347
8/2/2020,9499
8/3/2020,-15897
8/4/2020,109149
8/5/2020,-34620
8/6/2020,104115
8/7/2020,-37882
8/8/2020,40795
8/9/2020,18799
8/10/2020,-17036
8/11/2020,-22380
8/12/2020,62523
8/13/2020,-9273
8/14/2020,27233
8/15/2020,-27935
8/16/2020,-27099
8/17/2020,44773
8/18/2020,86252
8/19/2020,101333
8/20/2020,60959
8/21/2020,-29767
8/22/2020,27209
8/23/2020,31477
8/24/2020,53456
8/25/2020,32797
8/26/2020,88005
8/27/2020,666
8/28/2020,33977
8/29/2020,99162
8/30/2020,-46969
8/31/2020,-43274
9/1/2020,67713
9/2/2020,107189
9/3/2020,-47649
9/4/2020,9667
9/5/2020,90058
9/6/2020,14000
9/7/2020,26890
9/8/2020,-44669
9/9/2020,57783
9/10/2020,10147
9/11/2020,59760
9/12/2020,13787
9/13/2020,66247
9/14/2020,51837
9/15/2020,-34903
9/16/2020,-6104
9/17/2020,29588
9/18/2020,-15536
9/19/2020,107131
9/20/2020,33631
9/21/2020,8877
9/22/2020,-3137
9/23/2020,-31432
9/24/2020,73355
9/25/2020,-15773
9/26/2020,53239
9/27/2020,50848
9/28/2020,-21369
9/29/2020,73009
9/30/2020,102240
10/1/2020,56526
10/2/2020,88133
10/3/2020,89548
10/4/2020,-20778
10/5/2020,-37260
10/6/2020,15142
10/7/2020,-45833
10/8/2020,-5553
10/9/2020,93633
10/10/2020,106714
10/11/2020,76317
10/12/2020,-30281
10/13/2020,-44845
10/14/2020,28855
10/15/2020,72266
10/16/2020,30918
10/17/2020,92846
10/18/2020,71916
10/19/2020,69757
10/20/2020,10693
10/21/2020,31448
10/22/2020,78555
10/23/2020,35572
10/24/2020,-38524
10/25/2020,36498
10/26/2020,-28291
10/27/2020,-16192
10/28/2020,-48113
10/29/2020,14394
10/30/2020,-19907
10/31/2020,13778
11/1/2020,33256
11/2/2020,3358
11/3/2020,67889
11/4/2020,72481
11/5/2020,43970
11/6/2020,-16552
11/7/2020,68676
11/8/2020,69075
11/9/2020,9977
11/10/2020,-49130
11/11/2020,85537
11/12/2020,42338
11/13/2020,65806
11/14/2020,86925
11/15/2020,-7543
11/16/2020,-39892
11/17/2020,11466
11/18/2020,-18891
11/19/2020,-21779
11/20/2020,6455
11/21/2020,-9036
11/22/2020,10795
11/23/2020,97056
11/24/2020,45273
11/25/2020,63231
11/26/2020,1591
11/27/2020,53810
11/28/2020,81838
11/29/2020,60855
11/30/2020,22083
12/1/2020,100012
12/2/2020,104122
12/3/2020,-13552
12/4/2020,-26512
12/5/2020,14437
12/6/2020,-11633
12/7/2020,39842
12/8/2020,53524
12/9/2020,100758
12/10/2020,91859
12/11/2020,104746
12/12/2020,52783
12/13/2020,102387
12/14/2020,70906
12/15/2020,-12184
12/16/2020,25119
12/17/2020,109185
12/18/2020,64983
12/19/2020,45051
12/20/2020,82117
12/21/2020,57399
12/22/2020,72021
12/23/2020,30691
12/24/2020,-10072
12/25/2020,60208
12/26/2020,-26679
12/27/2020,-33637
12/28/2020,6162
12/29/2020,74007
12/30/2020,-41085
12/31/2020,33695
1/1/2021,70467
1/2/2021,15371
1/3/2021,91757
1/4/2021,13871
1/5/2021,50937
1/6/2021,79598
1/7/2021,-12237
1/8/2021,344
1/9/2021,-47453
1/10/2021,20380
1/11/2021,-32158
1/12/2021,26269
1/13/2021,96583
1/14/2021,102480
1/15/2021,-7674
1/16/2021,6377
1/17/2021,38253
1/18/2021,95323
1/19/2021,67828
1/20/2021,66352
1/21/2021,96857
1/22/2021,66513
1/23/2021,-1736
1/24/2021,-42019
1/25/2021,75350
1/26/2021,78852
1/27/2021,-28760
1/28/2021,55000
1/29/2021,55857
1/30/2021,-24252
1/31/2021,34433
2/1/2021,65184
2/2/2021,-27764
2/3/2021,23988
2/4/2021,24214
2/5/2021,-12586
2/6/2021,-11906
2/7/2021,6951
2/8/2021,41157
2/9/2021,-7215
2/10/2021,-8646
2/11/2021,87400
2/12/2021,23905
2/13/2021,28125
2/14/2021,99057
2/15/2021,43435
2/16/2021,106603
2/17/2021,67105
2/18/2021,-40472
2/19/2021,97543
2/20/2021,81913
2/21/2021,55424
2/22/2021,70387
2/23/2021,-44823
2/24/2021,-34163
2/25/2021,-35342
2/26/2021,-49045
2/27/2021,48391
2/28/2021,97856
3/1/2021,101798
3/2/2021,86905
3/3/2021,100273
3/4/2021,46785
3/5/2021,83583
3/6/2021,48400
3/7/2021,15850
3/8/2021,19367
3/9/2021,46113
3/10/2021,-40623
3/11/2021,80440
3/12/2021,91642
3/13/2021,81841
3/14/2021,52796
3/15/2021,21924
3/16/2021,11903
3/17/2021,-33645
3/18/2021,64788
3/19/2021,51069
3/20/2021,-24878
3/21/2021,-39029
3/22/2021,31955
3/23/2021,-47604
3/24/2021,37607
3/25/2021,19734
3/26/2021,76528
3/27/2021,90608
3/28/2021,-25823
3/29/2021,14049
3/30/2021,104224
3/31/2021,-5668
4/1/2021,2604
4/2/2021,94326
4/3/2021,108539
4/4/2021,12110
4/5/2021,-29516
4/6/2021,-15212
4/7/2021,46050
4/8/2021,-22445
4/9/2021,47071
4/10/2021,-27894
4/11/2021,-3657
4/12/2021,66418
4/13/2021,103006
4/14/2021,18554
4/15/2021,56235
4/16/2021,-8676
4/17/2021,31500
4/18/2021,-29290
4/19/2021,42530
4/20/2021,-35943
4/21/2021,102649
4/22/2021,85492
4/23/2021,71867
4/24/2021,46887
4/25/2021,83479
4/26/2021,-7060
4/27/2021,-18903
4/28/2021,58308
4/29/2021,10515
4/30/2021,-16800
5/1/2021,15258
5/2/2021,45871
5/3/2021,-14423
5/4/2021,16943
5/5/2021,29443
5/6/2021,46793
5/7/2021,83770
5/8/2021,-24817
5/9/2021,51787
5/10/2021,106137
5/11/2021,-17520
5/12/2021,-8518
5/13/2021,54693
5/14/2021,-22943
5/15/2021,3634
5/16/2021,101431
5/17/2021,48756
5/18/2021,-39571
5/19/2021,-5183
5/20/2021,55490
5/21/2021,40987
5/22/2021,-12622
5/23/2021,-44646
5/24/2021,108240
5/25/2021,22839
5/26/2021,17546
5/27/2021,86694
5/28/2021,99816
5/29/2021,92584
5/30/2021,-3995
5/31/2021,-41180
6/1/2021,-11906
6/2/2021,96786
6/3/2021,-11676
6/4/2021,-7164
6/5/2021,83367
6/6/2021,5276
6/7/2021,14021
6/8/2021,-5306
6/9/2021,60809
6/10/2021,7081
6/11/2021,26584
6/12/2021,96235
6/13/2021,80864
6/14/2021,18491
6/15/2021,104044
6/16/2021,101804
6/17/2021,-11153
6/18/2021,-19703
6/19/2021,90307
6/20/2021,108486
6/21/2021,52972
6/22/2021,-46282
6/23/2021,-41872
6/24/2021,66710
6/25/2021,106997
6/26/2021,38743
6/27/2021,-17440
6/28/2021,80229
6/29/2021,60847
6/30/2021,-29489
7/1/2021,45948
7/2/2021,-17803
7/3/2021,34512
7/4/2021,59066
7/5/2021,30910
7/6/2021,94066
7/7/2021,26097
7/8/2021,-43749
7/9/2021,-5715
7/10/2021,27067
7/11/2021,84790
7/12/2021,-46218
7/13/2021,61494
7/14/2021,-14585
7/15/2021,-25856
7/16/2021,34225
7/17/2021,104629
7/18/2021,-41846
7/19/2021,68105
7/20/2021,-22004
7/21/2021,86169
7/22/2021,-39243
7/23/2021,-24553
7/24/2021,-46271
7/25/2021,44593
7/26/2021,21467
7/27/2021,20150
7/28/2021,83948
7/29/2021,21122
7/30/2021,84510
7/31/2021,20704
8/1/2021,-48357
8/2/2021,15904
8/3/2021,-14795
8/4/2021,8553
8/5/2021,-21346
8/6/2021,12937
8/7/2021,54645
8/8/2021,-2343
8/9/2021,43582
8/10/2021,22902
8/11/2021,68962
8/12/2021,105222
8/13/2021,39485
8/14/2021,49916
8/15/2021,67125
8/16/2021,72029
8/17/2021,35149
8/18/2021,-39919
8/19/2021,49985
8/20/2021,63310
8/21/2021,80741
8/22/2021,766
8/23/2021,15983
8/24/2021,-12183
8/25/2021,45216
8/26/2021,-35613
8/27/2021,-1347
8/28/2021,14455
8/29/2021,5451
8/30/2021,-18646
8/31/2021,30592
9/1/2021,-1290
9/2/2021,46543
9/3/2021,-46950
9/4/2021,108360
9/5/2021,-2712
9/6/2021,79368
9/7/2021,95747
9/8/2021,51147
9/9/2021,-18295
9/10/2021,-37519
9/11/2021,5306
9/12/2021,43063
9/13/2021,-48213
9/14/2021,40396
9/15/2021,103014
9/16/2021,2441
9/17/2021,32920
9/18/2021,20406
9/19/2021,-49988
9/20/2021,9826
9/21/2021,-26172
9/22/2021,-31499
9/23/2021,-27247
9/24/2021,17181
9/25/2021,102023
9/26/2021,77122
9/27/2021,107992
9/28/2021,19820
9/29/2021,17007
9/30/2021,50235
10/1/2021,32283
10/2/2021,30921
10/3/2021,-15530
10/4/2021,-24086
10/5/2021,24064
10/6/2021,51624
10/7/2021,85007
10/8/2021,95381
10/9/2021,-14783
10/10/2021,36470
10/11/2021,-3571
10/12/2021,69227
10/13/2021,64040
10/14/2021,-30075
10/15/2021,102837
10/16/2021,83717
10/17/2021,99142
10/18/2021,-20054
10/19/2021,5019
10/20/2021,-27734
10/21/2021,-18056
10/22/2021,1487
10/23/2021,28102
10/24/2021,-42007
10/25/2021,-32277
10/26/2021,34784
10/27/2021,-22078
10/28/2021,-37231
10/29/2021,43249
10/30/2021,84648
10/31/2021,-27553
11/1/2021,12161
11/2/2021,-2712
11/3/2021,38164
11/4/2021,95044
11/5/2021,67030
11/6/2021,74759
11/7/2021,4129
11/8/2021,-33785
11/9/2021,103450
11/10/2021,84748
11/11/2021,-18182
11/12/2021,-17272
11/13/2021,-17162
11/14/2021,-37745
11/15/2021,73325
11/16/2021,105639
11/17/2021,81376
11/18/2021,-22358
11/19/2021,70248
11/20/2021,-25479
11/21/2021,40894
11/22/2021,-16045
11/23/2021,22985
11/24/2021,-37764
11/25/2021,-1680
11/26/2021,85752
11/27/2021,76952
11/28/2021,102701
11/29/2021,4816
11/30/2021,106993
12/1/2021,51689
12/2/2021,27616
12/3/2021,109317
12/4/2021,66016
12/5/2021,-26652
12/6/2021,45372
12/7/2021,-1781
12/8/2021,44857
12/9/2021,61969
12/10/2021,19618
12/11/2021,-41146
12/12/2021,-15625
12/13/2021,44676
12/14/2021,6695
12/15/2021,-11275
12/16/2021,-45885
12/17/2021,29941
12/18/2021,4899
12/19/2021,107384
12/20/2021,102972
12/21/2021,103740
12/22/2021,56647
12/23/2021,-8873
12/24/2021,73697
12/25/2021,-37683
12/26/2021,6368
12/27/2021,6211
12/28/2021,19625
12/29/2021,-43554
12/30/2021,-31777
12/31/2021,-16261
1/1/2022,40268
1/2/2022,-41039
1/3/2022,48296
1/4/2022,-8351
1/5/2022,-42808
1/6/2022,-47713
1/7/2022,-39199
1/8/2022,109383
1/9/2022,-24948
1/10/2022,-35845
1/11/2022,-8419
1/12/2022,53398
1/13/2022,-21917
1/14/2022,48293
1/15/2022,-7254
1/16/2022,-39900
1/17/2022,91353
1/18/2022,57398
1/19/2022,102027
1/20/2022,-32109
1/21/2022,-11829
1/22/2022,70527
1/23/2022,-35310
1/24/2022,103241
1/25/2022,-13319
1/26/2022,51518
1/27/2022,51634
1/28/2022,91372
1/29/2022,12164
1/30/2022,41308
1/31/2022,-30238
2/1/2022,6979
2/2/2022,37126
2/3/2022,-12074
2/4/2022,27264
2/5/2022,67197
2/6/2022,98170
2/7/2022,103751
2/8/2022,-49599
2/9/2022,41933
2/10/2022,-16428
2/11/2022,16268
2/12/2022,-29890
2/13/2022,-40266
2/14/2022,-43075
2/15/2022,62220
2/16/2022,7759
2/17/2022,-37147
2/18/2022,-41077
2/19/2022,72667
2/20/2022,20443
2/21/2022,-46701
2/22/2022,86065
2/23/2022,-20137
2/24/2022,-35643
2/25/2022,60591
2/26/2022,58709
2/27/2022,27675
2/28/2022,46753
3/1/2022,40620
3/2/2022,-37094
3/3/2022,-6954
3/4/2022,12709
3/5/2022,-47470
3/6/2022,80212
3/7/2022,37648
3/8/2022,-49425
3/9/2022,15483
3/10/2022,12780
3/11/2022,48709
3/12/2022,52437
3/13/2022,-49316
3/14/2022,-38126
3/15/2022,64266
3/16/2022,6779
3/17/2022,44559
3/18/2022,37419
3/19/2022,-20877
3/20/2022,41805
3/21/2022,96554
3/22/2022,15128
3/23/2022,8220
3/24/2022,64312
3/25/2022,93254
3/26/2022,-35271
3/27/2022,-31015
3/28/2022,88187
3/29/2022,-47147
3/30/2022,-12596
3/31/2022,109179
4/1/2022,33213
4/2/2022,91215
4/3/2022,40749
4/4/2022,-45784
4/5/2022,84765
4/6/2022,1433
4/7/2022,66242
4/8/2022,27144
4/9/2022,54633
4/10/2022,-45473
4/11/2022,69658
4/12/2022,-30880
4/13/2022,19034
4/14/2022,64196
4/15/2022,-1818
4/16/2022,-31106
4/17/2022,47356
4/18/2022,-20482
4/19/2022,-15610
4/20/2022,-36219
4/21/2022,78319
4/22/2022,74401
4/23/2022,-32826
4/24/2022,-43915
4/25/2022,86163
4/26/2022,96997
4/27/2022,81398
4/28/2022,106448
4/29/2022,-11070
4/30/2022,22481
5/1/2022,102142
5/2/2022,-18248
5/3/2022,27659
5/4/2022,-39260
5/5/2022,-1635
5/6/2022,13371
5/7/2022,5833
5/8/2022,3531
5/9/2022,90437
5/10/2022,99063
5/11/2022,20220
5/12/2022,7075
5/13/2022,71485
5/14/2022,-29910
5/15/2022,68761
5/16/2022,-47503
5/17/2022,-47088
5/18/2022,96864
5/19/2022,40
5/20/2022,-14426
5/21/2022,-32559
5/22/2022,-24580
5/23/2022,-45560
5/24/2022,-9076
5/25/2022,-27821
5/26/2022,7356
5/27/2022,84523
5/28/2022,22125
5/29/2022,74545
5/30/2022,35565
5/31/2022,-10928
6/1/2022,-38698
6/2/2022,68498
6/3/2022,-10196
6/4/2022,44264
6/5/2022,11184
6/6/2022,-36146
6/7/2022,-17501
6/8/2022,29980
6/9/2022,-8880
6/10/2022,83414
6/11/2022,41606
6/12/2022,16642
6/13/2022,69142
6/14/2022,49395
6/15/2022,35499
6/16/2022,59242
6/17/2022,97081
6/18/2022,26424
6/19/2022,37945
6/20/2022,-41646
6/21/2022,96122
6/22/2022,66147
6/23/2022,803
6/24/2022,90662
6/25/2022,65293
6/26/2022,15050
6/27/2022,77672
6/28/2022,94225
6/29/2022,-6289
6/30/2022,15795
7/1/2022,33449
7/2/2022,-35700
7/3/2022,36334
7/4/2022,-13411
7/5/2022,18023
7/6/2022,13236
7/7/2022,-1037
7/8/2022,-43152
7/9/2022,-19225
7/10/2022,-9405
7/11/2022,-19042
7/12/2022,14693
7/13/2022,99839
7/14/2022,25847
7/15/2022,-35391
7/16/2022,91182
7/17/2022,5519
7/18/2022,4197
7/19/2022,29856
7/20/2022,8936
7/21/2022,32861
7/22/2022,79461
7/23/2022,13738
7/24/2022,32290
7/25/2022,83159
7/26/2022,34374
7/27/2022,27238
7/28/2022,1049
7/29/2022,-7893
7/30/2022,1062
7/31/2022,-35333
8/1/2022,76738
8/2/2022,56838
8/3/2022,63058
8/4/2022,50110
8/5/2022,-46446
8/6/2022,55173
8/7/2022,-47045
8/8/2022,97938
8/9/2022,-33863
8/10/2022,30810
8/11/2022,89071
8/12/2022,32491
8/13/2022,-40587
8/14/2022,-48645
8/15/2022,105830
8/16/2022,-47215
8/17/2022,1017
8/18/2022,21681
8/19/2022,31849
8/20/2022,98195
8/21/2022,70157
8/22/2022,56817
8/23/2022,56901
8/24/2022,43392
8/25/2022,-2047
8/26/2022,22686
8/27/2022,86838
8/28/2022,70706
8/29/2022,18482
8/30/2022,71409
8/31/2022,-33531
9/1/2022,-7954
9/2/2022,80930
9/3/2022,107508
9/4/2022,-38753
9/5/2022,8001
9/6/2022,9638
9/7/2022,103715
9/8/2022,-24146
9/9/2022,65325
9/10/2022,109173
9/11/2022,60605
9/12/2022,-22738
9/13/2022,86890
9/14/2022,8915
9/15/2022,2598
9/16/2022,54028
9/17/2022,54605
9/18/2022,-41055
9/19/2022,-12789
9/20/2022,-24061
9/21/2022,24338
9/22/2022,106880
9/23/2022,40269
9/24/2022,28869
9/25/2022,-30812
9/26/2022,59864
9/27/2022,19591
9/28/2022,76051
9/29/2022,-36091
9/30/2022,-48538
10/1/2022,15116
10/2/2022,22331
10/3/2022,62906
10/4/2022,-32589
10/5/2022,24917
10/6/2022,-12200
10/7/2022,98144
10/8/2022,91880
10/9/2022,99769
10/10/2022,-23080
10/11/2022,-32280
10/12/2022,69243
10/13/2022,10426
10/14/2022,-44919
10/15/2022,-6679
10/16/2022,57506
10/17/2022,107816
10/18/2022,67903
10/19/2022,45358
10/20/2022,55808
10/21/2022,41954
10/22/2022,14010
10/23/2022,-13024
10/24/2022,85913
10/25/2022,32316
10/26/2022,-31084
10/27/2022,106243
10/28/2022,44586
10/29/2022,12294
10/30/2022,-23669
10/31/2022,54722
11/1/2022,-1451
11/2/2022,57124
11/3/2022,101171
11/4/2022,81568
11/5/2022,68271
11/6/2022,-30925
11/7/2022,-20563
11/8/2022,7773
11/9/2022,35965
11/10/2022,-46934
11/11/2022,58106
11/12/2022,-12722
11/13/2022,21269
11/14/2022,-12189
11/15/2022,40466
11/16/2022,-15926
11/17/2022,95175
11/18/2022,2556
11/19/2022,86600
11/20/2022,-11405
11/21/2022,67622
11/22/2022,46768
11/23/2022,-10047
11/24/2022,59395
11/25/2022,52981
11/26/2022,-1352
11/27/2022,39823
11/28/2022,-18953
11/29/2022,62714
11/30/2022,59149
12/1/2022,11070
12/2/2022,-46165
12/3/2022,84913
12/4/2022,30232
12/5/2022,76727
12/6/2022,34828
12/7/2022,101565
12/8/2022,52033
12/9/2022,26922
12/10/2022,88871
12/11/2022,60266
12/12/2022,29200
12/13/2022,-44238
12/14/2022,36983
12/15/2022,101974
12/16/2022,30342
12/17/2022,18375
12/18/2022,79218
12/19/2022,-27365
12/20/2022,20165
12/21/2022,55120
12/22/2022,89692
12/23/2022,91710
12/24/2022,57320
12/25/2022,31922
12/26/2022,-39924
12/27/2022,34903
12/28/2022,88764
12/29/2022,57387
12/30/2022,42573
12/31/2022,90010
