,Unnamed: 0.2,Unnamed: 0.1,Unnamed: 0,date,sales
0.0,0.0,0.0,0.0,1h12013,678768
1.0,1.0,1.0,1.0,1/2/2013,
2.0,2.0,2.0,2.0,1/3/2013,
3.0,3.0,3.0,3.0,1/4/2013,
4.0,4.0,4.0,4.0,1/5/2013,
5.0,5.0,5.0,5.0,1/6/2013,
6.0,6.0,6.0,6.0,1/7/2013,
7.0,7.0,7.0,7.0,1/8/2013,
8.0,8.0,8.0,8.0,1/9/2013,
9.0,9.0,9.0,9.0,1/10/2013,
10.0,10.0,10.0,10.0,1/11/2013,
11.0,11.0,11.0,11.0,1/12/2013,
12.0,12.0,12.0,12.0,1/13/2013,
13.0,13.0,13.0,13.0,1/14/2013,
14.0,14.0,14.0,14.0,1/15/2013,
15.0,15.0,15.0,15.0,1/16/2013,
16.0,16.0,16.0,16.0,1/17/2013,
17.0,17.0,17.0,17.0,1/18/2013,
18.0,18.0,18.0,18.0,1/19/2013,
19.0,19.0,19.0,19.0,1/20/2013,
20.0,20.0,20.0,20.0,1/21/2013,
21.0,21.0,21.0,21.0,1/22/2013,
22.0,22.0,22.0,22.0,1/23/2013,
23.0,23.0,23.0,23.0,1/24/2013,
24.0,24.0,24.0,24.0,1/25/2013,
25.0,25.0,25.0,25.0,1/26/2013,
26.0,26.0,26.0,26.0,1/27/2013,
27.0,27.0,27.0,27.0,1/28/2013,
28.0,28.0,28.0,28.0,1/29/2013,
29.0,29.0,29.0,29.0,1/30/2013,
30.0,30.0,30.0,30.0,1/31/2013,
31.0,31.0,31.0,31.0,2/1/2013,26189
32.0,32.0,32.0,32.0,2/2/2013,24595
33.0,33.0,33.0,33.0,2/3/2013,30645
34.0,34.0,34.0,34.0,2/4/2013,62444
35.0,35.0,35.0,35.0,2/5/2013,-29433
36.0,36.0,36.0,36.0,2/6/2013,341
37.0,37.0,37.0,37.0,2/7/2013,60777
38.0,38.0,38.0,38.0,2/8/2013,63952
39.0,39.0,39.0,39.0,2/9/2013,-8077
40.0,40.0,40.0,40.0,2/10/2013,-332
41.0,41.0,41.0,41.0,2/11/2013,-19700
42.0,42.0,42.0,42.0,2/12/2013,63262
43.0,43.0,43.0,43.0,2/13/2013,28332
44.0,44.0,44.0,44.0,2/14/2013,80604
45.0,45.0,45.0,45.0,2/15/2013,12833
46.0,46.0,46.0,46.0,2/16/2013,9360
47.0,47.0,47.0,47.0,2/17/2013,70327
48.0,48.0,48.0,48.0,2/18/2013,74862
49.0,49.0,49.0,49.0,2/19/2013,-14773
50.0,50.0,50.0,50.0,2/20/2013,53427
51.0,51.0,51.0,51.0,2/21/2013,65350
52.0,52.0,52.0,52.0,2/22/2013,16837
53.0,53.0,53.0,53.0,2/23/2013,65096
54.0,54.0,54.0,54.0,2/24/2013,-15376
55.0,55.0,55.0,55.0,2/25/2013,24637
56.0,56.0,56.0,56.0,2/26/2013,40661
57.0,57.0,57.0,57.0,2/27/2013,يسسس
58.0,58.0,58.0,58.0,2/28/2013,48779
59.0,59.0,59.0,59.0,3/1/2013,1061
60.0,60.0,60.0,60.0,3/2/2013,58463
61.0,61.0,61.0,61.0,3/3/2013,10049
62.0,62.0,62.0,62.0,3/4/2013,-9596
63.0,63.0,63.0,63.0,3/5/2013,34618
64.0,64.0,64.0,64.0,3/6/2013,6582
65.0,65.0,65.0,65.0,3/7/2013,7705
66.0,66.0,66.0,66.0,3/8/2013,-20334
67.0,67.0,67.0,67.0,3/9/2013,22475
68.0,68.0,68.0,68.0,3/10/2013,73497
69.0,69.0,69.0,69.0,3/11/2013,58330
70.0,70.0,70.0,70.0,3/12/2013,52828
71.0,71.0,71.0,71.0,3/13/2013,34829
72.0,72.0,72.0,72.0,3/14/2013,55177
73.0,73.0,73.0,73.0,3/15/2013,44984
74.0,74.0,74.0,74.0,3/16/2013,9222
75.0,75.0,75.0,75.0,3/17/2013,65730
76.0,76.0,76.0,76.0,3/18/2013,79298
77.0,77.0,77.0,77.0,3/19/2013,57989
78.0,78.0,78.0,78.0,3/20/2013,36364
79.0,79.0,79.0,79.0,3/21/2013,68480
80.0,80.0,80.0,80.0,3/22/2013,80199
81.0,81.0,81.0,81.0,3/23/2013,39382
82.0,82.0,82.0,82.0,3/24/2013,76882
83.0,83.0,83.0,83.0,3/25/2013,-18381
84.0,84.0,84.0,84.0,3/26/2013,-3162
85.0,85.0,85.0,85.0,3/27/2013,59207
86.0,86.0,86.0,86.0,3/28/2013,18226
87.0,87.0,87.0,87.0,3/29/2013,29773
88.0,88.0,88.0,88.0,3/30/2013,73690
89.0,89.0,89.0,89.0,3/31/2013,-8353
90.0,90.0,90.0,90.0,4/1/2013,-8743
91.0,91.0,91.0,91.0,4/2/2013,30742
92.0,92.0,92.0,92.0,4/3/2013,67471
93.0,93.0,93.0,93.0,4/4/2013,-20379
94.0,94.0,94.0,94.0,4/5/2013,18199
95.0,95.0,95.0,95.0,4/6/2013,16802
96.0,96.0,96.0,96.0,4/7/2013,59324
97.0,97.0,97.0,97.0,4/8/2013,29785
98.0,98.0,98.0,98.0,4/9/2013,69976
99.0,99.0,99.0,99.0,4/10/2013,28678
100.0,100.0,100.0,100.0,4/11/2013,40610
101.0,101.0,101.0,101.0,4/12/2013,-13930
102.0,102.0,102.0,102.0,4/13/2013,-24518
103.0,103.0,103.0,103.0,4/14/2013,56778
104.0,104.0,104.0,104.0,4/15/2013,15049
105.0,105.0,105.0,105.0,4/16/2013,-1773
106.0,106.0,106.0,106.0,4/17/2013,8274
107.0,107.0,107.0,107.0,4/18/2013,18671
108.0,108.0,108.0,108.0,4/19/2013,12202
109.0,109.0,109.0,109.0,4/20/2013,48606
110.0,110.0,110.0,110.0,4/21/2013,-23764
111.0,111.0,111.0,111.0,4/22/2013,54371
112.0,112.0,112.0,112.0,4/23/2013,51357
113.0,113.0,113.0,113.0,4/24/2013,-109
114.0,114.0,114.0,114.0,4/25/2013,-20990
115.0,115.0,115.0,115.0,4/26/2013,5411
116.0,116.0,116.0,116.0,4/27/2013,67874
117.0,117.0,117.0,117.0,4/28/2013,22148
118.0,118.0,118.0,118.0,4/29/2013,75159
119.0,119.0,119.0,119.0,4/30/2013,-838
120.0,120.0,120.0,120.0,5/1/2013,8325
121.0,121.0,121.0,121.0,5/2/2013,1224
122.0,122.0,122.0,122.0,5/3/2013,-25418
123.0,123.0,123.0,123.0,5/4/2013,-23953
124.0,124.0,124.0,124.0,5/5/2013,8670
125.0,125.0,125.0,125.0,5/6/2013,29385
126.0,126.0,126.0,126.0,5/7/2013,-15093
127.0,127.0,127.0,127.0,5/8/2013,2030
128.0,128.0,128.0,128.0,5/9/2013,80319
129.0,129.0,129.0,129.0,5/10/2013,-29307
130.0,130.0,130.0,130.0,5/11/2013,-29188
131.0,131.0,131.0,131.0,5/12/2013,51398
132.0,132.0,132.0,132.0,5/13/2013,-7953
133.0,133.0,133.0,133.0,5/14/2013,49987
134.0,134.0,134.0,134.0,5/15/2013,-6153
135.0,135.0,135.0,135.0,5/16/2013,-17707
136.0,136.0,136.0,136.0,5/17/2013,79342
137.0,137.0,137.0,137.0,5/18/2013,9129
138.0,138.0,138.0,138.0,5/19/2013,-3122
139.0,139.0,139.0,139.0,5/20/2013,84800
140.0,140.0,140.0,140.0,5/21/2013,-10975
141.0,141.0,141.0,141.0,5/22/2013,27377
142.0,142.0,142.0,142.0,5/23/2013,16552
143.0,143.0,143.0,143.0,5/24/2013,12116
144.0,144.0,144.0,144.0,5/25/2013,75343
145.0,145.0,145.0,145.0,5/26/2013,52499
146.0,146.0,146.0,146.0,5/27/2013,66676
147.0,147.0,147.0,147.0,5/28/2013,-20760
148.0,148.0,148.0,148.0,5/29/2013,16732
149.0,149.0,149.0,149.0,5/30/2013,-15828
150.0,150.0,150.0,150.0,5/31/2013,55357
151.0,151.0,151.0,151.0,6/1/2013,34006
152.0,152.0,152.0,152.0,6/2/2013,-19879
153.0,153.0,153.0,153.0,6/3/2013,63501
154.0,154.0,154.0,154.0,6/4/2013,74759
155.0,155.0,155.0,155.0,6/5/2013,42231
156.0,156.0,156.0,156.0,6/6/2013,-12598
157.0,157.0,157.0,157.0,6/7/2013,-23235
158.0,158.0,158.0,158.0,6/8/2013,-11828
159.0,159.0,159.0,159.0,6/9/2013,24521
160.0,160.0,160.0,160.0,6/10/2013,24132
161.0,161.0,161.0,161.0,6/11/2013,-864
162.0,162.0,162.0,162.0,6/12/2013,29166
163.0,163.0,163.0,163.0,6/13/2013,27015
164.0,164.0,164.0,164.0,6/14/2013,74169
165.0,165.0,165.0,165.0,6/15/2013,23270
166.0,166.0,166.0,166.0,6/16/2013,13482
167.0,167.0,167.0,167.0,6/17/2013,57957
168.0,168.0,168.0,168.0,6/18/2013,-18458
169.0,169.0,169.0,169.0,6/19/2013,-24441
170.0,170.0,170.0,170.0,6/20/2013,-25311
171.0,171.0,171.0,171.0,6/21/2013,-18118
172.0,172.0,172.0,172.0,6/22/2013,19359
173.0,173.0,173.0,173.0,6/23/2013,35548
174.0,174.0,174.0,174.0,6/24/2013,75649
175.0,175.0,175.0,175.0,6/25/2013,51727
176.0,176.0,176.0,176.0,6/26/2013,-18239
177.0,177.0,177.0,177.0,6/27/2013,-26813
178.0,178.0,178.0,178.0,6/28/2013,-22504
179.0,179.0,179.0,179.0,6/29/2013,62407
180.0,180.0,180.0,180.0,6/30/2013,70794
181.0,181.0,181.0,181.0,7/1/2013,10671
182.0,182.0,182.0,182.0,7/2/2013,30986
183.0,183.0,183.0,183.0,7/3/2013,-4797
184.0,184.0,184.0,184.0,7/4/2013,-2093
185.0,185.0,185.0,185.0,7/5/2013,68633
186.0,186.0,186.0,186.0,7/6/2013,9969
187.0,187.0,187.0,187.0,7/7/2013,69119
188.0,188.0,188.0,188.0,7/8/2013,45205
189.0,189.0,189.0,189.0,7/9/2013,56312
190.0,190.0,190.0,190.0,7/10/2013,66709
191.0,191.0,191.0,191.0,7/11/2013,-12146
192.0,192.0,192.0,192.0,7/12/2013,57120
193.0,193.0,193.0,193.0,7/13/2013,65658
194.0,194.0,194.0,194.0,7/14/2013,9298
195.0,195.0,195.0,195.0,7/15/2013,-17913
196.0,196.0,196.0,196.0,7/16/2013,58197
197.0,197.0,197.0,197.0,7/17/2013,24400
198.0,198.0,198.0,198.0,7/18/2013,-18112
199.0,199.0,199.0,199.0,7/19/2013,57457
200.0,200.0,200.0,200.0,7/20/2013,37940
201.0,201.0,201.0,201.0,7/21/2013,43052
202.0,202.0,202.0,202.0,7/22/2013,-29802
203.0,203.0,203.0,203.0,7/23/2013,-29041
204.0,204.0,204.0,204.0,7/24/2013,-5684
205.0,205.0,205.0,205.0,7/25/2013,68006
206.0,206.0,206.0,206.0,7/26/2013,-27536
207.0,207.0,207.0,207.0,7/27/2013,-2770
208.0,208.0,208.0,208.0,7/28/2013,5306
209.0,209.0,209.0,209.0,7/29/2013,71337
210.0,210.0,210.0,210.0,7/30/2013,83293
211.0,211.0,211.0,211.0,7/31/2013,-16866
212.0,212.0,212.0,212.0,8/1/2013,47763
213.0,213.0,213.0,213.0,8/2/2013,61736
214.0,214.0,214.0,214.0,8/3/2013,18930
215.0,215.0,215.0,215.0,8/4/2013,-20688
216.0,216.0,216.0,216.0,8/5/2013,-2028
217.0,217.0,217.0,217.0,8/6/2013,5088
218.0,218.0,218.0,218.0,8/7/2013,54138
219.0,219.0,219.0,219.0,8/8/2013,37810
220.0,220.0,220.0,220.0,8/9/2013,42632
221.0,221.0,221.0,221.0,8/10/2013,79043
222.0,222.0,222.0,222.0,8/11/2013,17433
223.0,223.0,223.0,223.0,8/12/2013,-1901
224.0,224.0,224.0,224.0,8/13/2013,59665
225.0,225.0,225.0,225.0,8/14/2013,-12982
226.0,226.0,226.0,226.0,8/15/2013,44889
227.0,227.0,227.0,227.0,8/16/2013,61107
228.0,228.0,228.0,228.0,8/17/2013,-17080
229.0,229.0,229.0,229.0,8/18/2013,44984
230.0,230.0,230.0,230.0,8/19/2013,18310
231.0,231.0,231.0,231.0,8/20/2013,72540
232.0,232.0,232.0,232.0,8/21/2013,84954
233.0,233.0,233.0,233.0,8/22/2013,10347
234.0,234.0,234.0,234.0,8/23/2013,-6229
235.0,235.0,235.0,235.0,8/24/2013,68320
236.0,236.0,236.0,236.0,8/25/2013,63561
237.0,237.0,237.0,237.0,8/26/2013,71607
238.0,238.0,238.0,238.0,8/27/2013,39022
239.0,239.0,239.0,239.0,8/28/2013,77825
240.0,240.0,240.0,240.0,8/29/2013,50605
241.0,241.0,241.0,241.0,8/30/2013,21687
242.0,242.0,242.0,242.0,8/31/2013,25013
243.0,243.0,243.0,243.0,9/1/2013,32906
244.0,244.0,244.0,244.0,9/2/2013,-1813
245.0,245.0,245.0,245.0,9/3/2013,-21463
246.0,246.0,246.0,246.0,9/4/2013,15281
247.0,247.0,247.0,247.0,9/5/2013,17762
248.0,248.0,248.0,248.0,9/6/2013,11332
249.0,249.0,249.0,249.0,9/7/2013,-20101
250.0,250.0,250.0,250.0,9/8/2013,82815
251.0,251.0,251.0,251.0,9/9/2013,32948
252.0,252.0,252.0,252.0,9/10/2013,-6109
253.0,253.0,253.0,253.0,9/11/2013,18218
254.0,254.0,254.0,254.0,9/12/2013,2002
255.0,255.0,255.0,255.0,9/13/2013,-4329
256.0,256.0,256.0,256.0,9/14/2013,49397
257.0,257.0,257.0,257.0,9/15/2013,66231
258.0,258.0,258.0,258.0,9/16/2013,-4280
259.0,259.0,259.0,259.0,9/17/2013,72076
260.0,260.0,260.0,260.0,9/18/2013,31315
261.0,261.0,261.0,261.0,9/19/2013,24357
262.0,262.0,262.0,262.0,9/20/2013,-4278
263.0,263.0,263.0,263.0,9/21/2013,47491
264.0,264.0,264.0,264.0,9/22/2013,12960
265.0,265.0,265.0,265.0,9/23/2013,5953
266.0,266.0,266.0,266.0,9/24/2013,49463
267.0,267.0,267.0,267.0,9/25/2013,12126
268.0,268.0,268.0,268.0,9/26/2013,27019
269.0,269.0,269.0,269.0,9/27/2013,-6769
270.0,270.0,270.0,270.0,9/28/2013,-11823
271.0,271.0,271.0,271.0,9/29/2013,81513
272.0,272.0,272.0,272.0,9/30/2013,83909
273.0,273.0,273.0,273.0,10/1/2013,-29317
274.0,274.0,274.0,274.0,10/2/2013,57193
275.0,275.0,275.0,275.0,10/3/2013,81545
276.0,276.0,276.0,276.0,10/4/2013,48913
277.0,277.0,277.0,277.0,10/5/2013,-28039
278.0,278.0,278.0,278.0,10/6/2013,67217
279.0,279.0,279.0,279.0,10/7/2013,52771
280.0,280.0,280.0,280.0,10/8/2013,78848
281.0,281.0,281.0,281.0,10/9/2013,50500
282.0,282.0,282.0,282.0,10/10/2013,-10097
283.0,283.0,283.0,283.0,10/11/2013,8833
284.0,284.0,284.0,284.0,10/12/2013,-3934
285.0,285.0,285.0,285.0,10/13/2013,20592
286.0,286.0,286.0,286.0,10/14/2013,53448
287.0,287.0,287.0,287.0,10/15/2013,-17935
288.0,288.0,288.0,288.0,10/16/2013,83255
289.0,289.0,289.0,289.0,10/17/2013,71852
290.0,290.0,290.0,290.0,10/18/2013,62164
291.0,291.0,291.0,291.0,10/19/2013,19304
292.0,292.0,292.0,292.0,10/20/2013,35108
293.0,293.0,293.0,293.0,10/21/2013,35381
294.0,294.0,294.0,294.0,10/22/2013,-15441
295.0,295.0,295.0,295.0,10/23/2013,-23882
296.0,296.0,296.0,296.0,10/24/2013,17453
297.0,297.0,297.0,297.0,10/25/2013,57886
298.0,298.0,298.0,298.0,10/26/2013,-25353
299.0,299.0,299.0,299.0,10/27/2013,-16664
300.0,300.0,300.0,300.0,10/28/2013,-20936
301.0,301.0,301.0,301.0,10/29/2013,-14637
302.0,302.0,302.0,302.0,10/30/2013,17479
303.0,303.0,303.0,303.0,10/31/2013,8892
304.0,304.0,304.0,304.0,11/1/2013,-24447
305.0,305.0,305.0,305.0,11/2/2013,83531
306.0,306.0,306.0,306.0,11/3/2013,50940
307.0,307.0,307.0,307.0,11/4/2013,18184
308.0,308.0,308.0,308.0,11/5/2013,59025
309.0,309.0,309.0,309.0,11/6/2013,76898
310.0,310.0,310.0,310.0,11/7/2013,70654
311.0,311.0,311.0,311.0,11/8/2013,-7546
312.0,312.0,312.0,312.0,11/9/2013,81289
313.0,313.0,313.0,313.0,11/10/2013,37296
314.0,314.0,314.0,314.0,11/11/2013,-13478
315.0,315.0,315.0,315.0,11/12/2013,58824
316.0,316.0,316.0,316.0,11/13/2013,-9179
317.0,317.0,317.0,317.0,11/14/2013,-20756
318.0,318.0,318.0,318.0,11/15/2013,68396
319.0,319.0,319.0,319.0,11/16/2013,50650
320.0,320.0,320.0,320.0,11/17/2013,38140
321.0,321.0,321.0,321.0,11/18/2013,84248
322.0,322.0,322.0,322.0,11/19/2013,21211
323.0,323.0,323.0,323.0,11/20/2013,343
324.0,324.0,324.0,324.0,11/21/2013,48930
325.0,325.0,325.0,325.0,11/22/2013,43929
326.0,326.0,326.0,326.0,11/23/2013,-9888
327.0,327.0,327.0,327.0,11/24/2013,77233
328.0,328.0,328.0,328.0,11/25/2013,5659
329.0,329.0,329.0,329.0,11/26/2013,31240
330.0,330.0,330.0,330.0,11/27/2013,1760
331.0,331.0,331.0,331.0,11/28/2013,35974
332.0,332.0,332.0,332.0,11/29/2013,63301
333.0,333.0,333.0,333.0,11/30/2013,-1686
334.0,334.0,334.0,334.0,12/1/2013,-17644
335.0,335.0,335.0,335.0,12/2/2013,-18529
336.0,336.0,336.0,336.0,12/3/2013,21871
337.0,337.0,337.0,337.0,12/4/2013,-12945
338.0,338.0,338.0,338.0,12/5/2013,-28183
339.0,339.0,339.0,339.0,12/6/2013,2848
340.0,340.0,340.0,340.0,12/7/2013,-611
341.0,341.0,341.0,341.0,12/8/2013,-21653
342.0,342.0,342.0,342.0,12/9/2013,81519
343.0,343.0,343.0,343.0,12/10/2013,-29262
344.0,344.0,344.0,344.0,12/11/2013,83769
345.0,345.0,345.0,345.0,12/12/2013,44554
346.0,346.0,346.0,346.0,12/13/2013,-7612
347.0,347.0,347.0,347.0,12/14/2013,2929
348.0,348.0,348.0,348.0,12/15/2013,63682
349.0,349.0,349.0,349.0,12/16/2013,23739
350.0,350.0,350.0,350.0,12/17/2013,66845
351.0,351.0,351.0,351.0,12/18/2013,59006
352.0,352.0,352.0,352.0,12/19/2013,-21850
353.0,353.0,353.0,353.0,12/20/2013,64905
354.0,354.0,354.0,354.0,12/21/2013,75324
355.0,355.0,355.0,355.0,12/22/2013,65191
356.0,356.0,356.0,356.0,12/23/2013,15599
357.0,357.0,357.0,357.0,12/24/2013,83578
358.0,358.0,358.0,358.0,12/25/2013,-17416
359.0,359.0,359.0,359.0,12/26/2013,22710
360.0,360.0,360.0,360.0,12/27/2013,76939
361.0,361.0,361.0,361.0,12/28/2013,28318
362.0,362.0,362.0,362.0,12/29/2013,26980
363.0,363.0,363.0,363.0,12/30/2013,-23642
364.0,364.0,364.0,364.0,12/31/2013,-28996
365.0,365.0,365.0,365.0,1/1/2014,8148
366.0,366.0,366.0,366.0,1/2/2014,79282
367.0,367.0,367.0,367.0,1/3/2014,-4064
368.0,368.0,368.0,368.0,1/4/2014,78664
369.0,369.0,369.0,369.0,1/5/2014,26534
370.0,370.0,370.0,370.0,1/6/2014,9455
371.0,371.0,371.0,371.0,1/7/2014,63941
372.0,372.0,372.0,372.0,1/8/2014,58226
373.0,373.0,373.0,373.0,1/9/2014,9159
374.0,374.0,374.0,374.0,1/10/2014,54308
375.0,375.0,375.0,375.0,1/11/2014,19236
376.0,376.0,376.0,376.0,1/12/2014,74634
377.0,377.0,377.0,377.0,1/13/2014,20030
378.0,378.0,378.0,378.0,1/14/2014,36929
379.0,379.0,379.0,379.0,1/15/2014,12829
380.0,380.0,380.0,380.0,1/16/2014,-22983
381.0,381.0,381.0,381.0,1/17/2014,24790
382.0,382.0,382.0,382.0,1/18/2014,49036
383.0,383.0,383.0,383.0,1/19/2014,6415
384.0,384.0,384.0,384.0,1/20/2014,9314
385.0,385.0,385.0,385.0,1/21/2014,-22487
386.0,386.0,386.0,386.0,1/22/2014,76428
387.0,387.0,387.0,387.0,1/23/2014,9654
388.0,388.0,388.0,388.0,1/24/2014,63921
389.0,389.0,389.0,389.0,1/25/2014,-2113
390.0,390.0,390.0,390.0,1/26/2014,64019
391.0,391.0,391.0,391.0,1/27/2014,72482
392.0,392.0,392.0,392.0,1/28/2014,80379
393.0,393.0,393.0,393.0,1/29/2014,9522
394.0,394.0,394.0,394.0,1/30/2014,79845
395.0,395.0,395.0,395.0,1/31/2014,75475
396.0,396.0,396.0,396.0,2/1/2014,-21011
397.0,397.0,397.0,397.0,2/2/2014,70246
398.0,398.0,398.0,398.0,2/3/2014,64487
399.0,399.0,399.0,399.0,2/4/2014,-15039
400.0,400.0,400.0,400.0,2/5/2014,5782
401.0,401.0,401.0,401.0,2/6/2014,34683
402.0,402.0,402.0,402.0,2/7/2014,53547
403.0,403.0,403.0,403.0,2/8/2014,41890
404.0,404.0,404.0,404.0,2/9/2014,3488
405.0,405.0,405.0,405.0,2/10/2014,7165
406.0,406.0,406.0,406.0,2/11/2014,22574
407.0,407.0,407.0,407.0,2/12/2014,-12416
408.0,408.0,408.0,408.0,2/13/2014,-1578
409.0,409.0,409.0,409.0,2/14/2014,59784
410.0,410.0,410.0,410.0,2/15/2014,61740
411.0,411.0,411.0,411.0,2/16/2014,17527
412.0,412.0,412.0,412.0,2/17/2014,-28995
413.0,413.0,413.0,413.0,2/18/2014,31680
414.0,414.0,414.0,414.0,2/19/2014,82855
415.0,415.0,415.0,415.0,2/20/2014,47641
416.0,416.0,416.0,416.0,2/21/2014,16209
417.0,417.0,417.0,417.0,2/22/2014,42774
418.0,418.0,418.0,418.0,2/23/2014,-15523
419.0,419.0,419.0,419.0,2/24/2014,-7820
420.0,420.0,420.0,420.0,2/25/2014,80173
421.0,421.0,421.0,421.0,2/26/2014,75605
422.0,422.0,422.0,422.0,2/27/2014,32311
423.0,423.0,423.0,423.0,2/28/2014,38754
424.0,424.0,424.0,424.0,3/1/2014,14337
425.0,425.0,425.0,425.0,3/2/2014,83132
426.0,426.0,426.0,426.0,3/3/2014,28315
427.0,427.0,427.0,427.0,3/4/2014,58280
428.0,428.0,428.0,428.0,3/5/2014,46597
429.0,429.0,429.0,429.0,3/6/2014,663
430.0,430.0,430.0,430.0,3/7/2014,-9647
431.0,431.0,431.0,431.0,3/8/2014,74212
432.0,432.0,432.0,432.0,3/9/2014,41525
433.0,433.0,433.0,433.0,3/10/2014,-23423
434.0,434.0,434.0,434.0,3/11/2014,67530
435.0,435.0,435.0,435.0,3/12/2014,33883
436.0,436.0,436.0,436.0,3/13/2014,75493
437.0,437.0,437.0,437.0,3/14/2014,5190
438.0,438.0,438.0,438.0,3/15/2014,52960
439.0,439.0,439.0,439.0,3/16/2014,-28678
440.0,440.0,440.0,440.0,3/17/2014,-9687
441.0,441.0,441.0,441.0,3/18/2014,-7280
442.0,442.0,442.0,442.0,3/19/2014,66613
443.0,443.0,443.0,443.0,3/20/2014,83330
444.0,444.0,444.0,444.0,3/21/2014,-18875
445.0,445.0,445.0,445.0,3/22/2014,25555
446.0,446.0,446.0,446.0,3/23/2014,14575
447.0,447.0,447.0,447.0,3/24/2014,20331
448.0,448.0,448.0,448.0,3/25/2014,-3637
449.0,449.0,449.0,449.0,3/26/2014,11019
450.0,450.0,450.0,450.0,3/27/2014,-14196
451.0,451.0,451.0,451.0,3/28/2014,46540
452.0,452.0,452.0,452.0,3/29/2014,73274
453.0,453.0,453.0,453.0,3/30/2014,49228
454.0,454.0,454.0,454.0,3/31/2014,40183
455.0,455.0,455.0,455.0,4/1/2014,23408
456.0,456.0,456.0,456.0,4/2/2014,18816
457.0,457.0,457.0,457.0,4/3/2014,19078
458.0,458.0,458.0,458.0,4/4/2014,11099
459.0,459.0,459.0,459.0,4/5/2014,-2804
460.0,460.0,460.0,460.0,4/6/2014,43116
461.0,461.0,461.0,461.0,4/7/2014,72697
462.0,462.0,462.0,462.0,4/8/2014,72796
463.0,463.0,463.0,463.0,4/9/2014,-16474
464.0,464.0,464.0,464.0,4/10/2014,21206
465.0,465.0,465.0,465.0,4/11/2014,41294
466.0,466.0,466.0,466.0,4/12/2014,-4273
467.0,467.0,467.0,467.0,4/13/2014,72869
468.0,468.0,468.0,468.0,4/14/2014,37334
469.0,469.0,469.0,469.0,4/15/2014,5142
470.0,470.0,470.0,470.0,4/16/2014,-11407
471.0,471.0,471.0,471.0,4/17/2014,17644
472.0,472.0,472.0,472.0,4/18/2014,-24417
473.0,473.0,473.0,473.0,4/19/2014,-2166
474.0,474.0,474.0,474.0,4/20/2014,4046
475.0,475.0,475.0,475.0,4/21/2014,27172
476.0,476.0,476.0,476.0,4/22/2014,49213
477.0,477.0,477.0,477.0,4/23/2014,50953
478.0,478.0,478.0,478.0,4/24/2014,-10896
479.0,479.0,479.0,479.0,4/25/2014,22279
480.0,480.0,480.0,480.0,4/26/2014,79254
481.0,481.0,481.0,481.0,4/27/2014,72296
482.0,482.0,482.0,482.0,4/28/2014,78642
483.0,483.0,483.0,483.0,4/29/2014,13448
484.0,484.0,484.0,484.0,4/30/2014,72834
485.0,485.0,485.0,485.0,5/1/2014,24320
486.0,486.0,486.0,486.0,5/2/2014,18442
487.0,487.0,487.0,487.0,5/3/2014,6970
488.0,488.0,488.0,488.0,5/4/2014,-20713
489.0,489.0,489.0,489.0,5/5/2014,80499
490.0,490.0,490.0,490.0,5/6/2014,22667
491.0,491.0,491.0,491.0,5/7/2014,54764
492.0,492.0,492.0,492.0,5/8/2014,81129
493.0,493.0,493.0,493.0,5/9/2014,2430
494.0,494.0,494.0,494.0,5/10/2014,19692
495.0,495.0,495.0,495.0,5/11/2014,7550
496.0,496.0,496.0,496.0,5/12/2014,-14830
497.0,497.0,497.0,497.0,5/13/2014,-15511
498.0,498.0,498.0,498.0,5/14/2014,59064
499.0,499.0,499.0,499.0,5/15/2014,81768
500.0,500.0,500.0,500.0,5/16/2014,-16416
501.0,501.0,501.0,501.0,5/17/2014,82727
502.0,502.0,502.0,502.0,5/18/2014,2986
503.0,503.0,503.0,503.0,5/19/2014,-16738
504.0,504.0,504.0,504.0,5/20/2014,4518
505.0,505.0,505.0,505.0,5/21/2014,76840
506.0,506.0,506.0,506.0,5/22/2014,-12103
507.0,507.0,507.0,507.0,5/23/2014,10693
508.0,508.0,508.0,508.0,5/24/2014,42025
509.0,509.0,509.0,509.0,5/25/2014,34880
510.0,510.0,510.0,510.0,5/26/2014,47860
511.0,511.0,511.0,511.0,5/27/2014,71984
512.0,512.0,512.0,512.0,5/28/2014,69102
513.0,513.0,513.0,513.0,5/29/2014,41236
514.0,514.0,514.0,514.0,5/30/2014,51107
515.0,515.0,515.0,515.0,5/31/2014,28992
516.0,516.0,516.0,516.0,6/1/2014,49037
517.0,517.0,517.0,517.0,6/2/2014,-7119
518.0,518.0,518.0,518.0,6/3/2014,18294
519.0,519.0,519.0,519.0,6/4/2014,-23390
520.0,520.0,520.0,520.0,6/5/2014,2453
521.0,521.0,521.0,521.0,6/6/2014,24902
522.0,522.0,522.0,522.0,6/7/2014,77417
523.0,523.0,523.0,523.0,6/8/2014,-11184
524.0,524.0,524.0,524.0,6/9/2014,-19059
525.0,525.0,525.0,525.0,6/10/2014,5579
526.0,526.0,526.0,526.0,6/11/2014,44271
527.0,527.0,527.0,527.0,6/12/2014,55942
528.0,528.0,528.0,528.0,6/13/2014,77331
529.0,529.0,529.0,529.0,6/14/2014,-21855
530.0,530.0,530.0,530.0,6/15/2014,4105
531.0,531.0,531.0,531.0,6/16/2014,-23702
532.0,532.0,532.0,532.0,6/17/2014,-5527
533.0,533.0,533.0,533.0,6/18/2014,-5596
534.0,534.0,534.0,534.0,6/19/2014,310
535.0,535.0,535.0,535.0,6/20/2014,66298
536.0,536.0,536.0,536.0,6/21/2014,43243
537.0,537.0,537.0,537.0,6/22/2014,32683
538.0,538.0,538.0,538.0,6/23/2014,32565
539.0,539.0,539.0,539.0,6/24/2014,62007
540.0,540.0,540.0,540.0,6/25/2014,59901
541.0,541.0,541.0,541.0,6/26/2014,16967
542.0,542.0,542.0,542.0,6/27/2014,-5375
543.0,543.0,543.0,543.0,6/28/2014,72705
544.0,544.0,544.0,544.0,6/29/2014,-25669
545.0,545.0,545.0,545.0,6/30/2014,81280
546.0,546.0,546.0,546.0,7/1/2014,58412
547.0,547.0,547.0,547.0,7/2/2014,-16988
548.0,548.0,548.0,548.0,7/3/2014,40890
549.0,549.0,549.0,549.0,7/4/2014,26305
550.0,550.0,550.0,550.0,7/5/2014,4795
551.0,551.0,551.0,551.0,7/6/2014,-11621
552.0,552.0,552.0,552.0,7/7/2014,16563
553.0,553.0,553.0,553.0,7/8/2014,25440
554.0,554.0,554.0,554.0,7/9/2014,39683
555.0,555.0,555.0,555.0,7/10/2014,-5223
556.0,556.0,556.0,556.0,7/11/2014,39002
557.0,557.0,557.0,557.0,7/12/2014,3836
558.0,558.0,558.0,558.0,7/13/2014,65261
559.0,559.0,559.0,559.0,7/14/2014,45871
560.0,560.0,560.0,560.0,7/15/2014,32215
561.0,561.0,561.0,561.0,7/16/2014,2694
562.0,562.0,562.0,562.0,7/17/2014,-14600
563.0,563.0,563.0,563.0,7/18/2014,23853
564.0,564.0,564.0,564.0,7/19/2014,76147
565.0,565.0,565.0,565.0,7/20/2014,44140
566.0,566.0,566.0,566.0,7/21/2014,-28176
567.0,567.0,567.0,567.0,7/22/2014,-17488
568.0,568.0,568.0,568.0,7/23/2014,83328
569.0,569.0,569.0,569.0,7/24/2014,2750
570.0,570.0,570.0,570.0,7/25/2014,32618
571.0,571.0,571.0,571.0,7/26/2014,5141
572.0,572.0,572.0,572.0,7/27/2014,1103
573.0,573.0,573.0,573.0,7/28/2014,22701
574.0,574.0,574.0,574.0,7/29/2014,-23700
575.0,575.0,575.0,575.0,7/30/2014,-21597
576.0,576.0,576.0,576.0,7/31/2014,-7797
577.0,577.0,577.0,577.0,8/1/2014,20681
578.0,578.0,578.0,578.0,8/2/2014,-3635
579.0,579.0,579.0,579.0,8/3/2014,44334
580.0,580.0,580.0,580.0,8/4/2014,50510
581.0,581.0,581.0,581.0,8/5/2014,61977
582.0,582.0,582.0,582.0,8/6/2014,-16463
583.0,583.0,583.0,583.0,8/7/2014,4545
584.0,584.0,584.0,584.0,8/8/2014,73816
585.0,585.0,585.0,585.0,8/9/2014,22009
586.0,586.0,586.0,586.0,8/10/2014,-14210
587.0,587.0,587.0,587.0,8/11/2014,81816
588.0,588.0,588.0,588.0,8/12/2014,29631
589.0,589.0,589.0,589.0,8/13/2014,-23900
590.0,590.0,590.0,590.0,8/14/2014,37505
591.0,591.0,591.0,591.0,8/15/2014,76902
592.0,592.0,592.0,592.0,8/16/2014,2223
593.0,593.0,593.0,593.0,8/17/2014,40119
594.0,594.0,594.0,594.0,8/18/2014,50317
595.0,595.0,595.0,595.0,8/19/2014,14091
596.0,596.0,596.0,596.0,8/20/2014,-16375
597.0,597.0,597.0,597.0,8/21/2014,-15344
598.0,598.0,598.0,598.0,8/22/2014,79456
599.0,599.0,599.0,599.0,8/23/2014,56270
600.0,600.0,600.0,600.0,8/24/2014,20188
601.0,601.0,601.0,601.0,8/25/2014,-19439
602.0,602.0,602.0,602.0,8/26/2014,28938
603.0,603.0,603.0,603.0,8/27/2014,9111
604.0,604.0,604.0,604.0,8/28/2014,67180
605.0,605.0,605.0,605.0,8/29/2014,57008
606.0,606.0,606.0,606.0,8/30/2014,-12798
607.0,607.0,607.0,607.0,8/31/2014,-13282
608.0,608.0,608.0,608.0,9/1/2014,-26648
609.0,609.0,609.0,609.0,9/2/2014,34264
610.0,610.0,610.0,610.0,9/3/2014,-16519
611.0,611.0,611.0,611.0,9/4/2014,73720
612.0,612.0,612.0,612.0,9/5/2014,81004
613.0,613.0,613.0,613.0,9/6/2014,-19489
614.0,614.0,614.0,614.0,9/7/2014,40605
615.0,615.0,615.0,615.0,9/8/2014,72115
616.0,616.0,616.0,616.0,9/9/2014,60309
617.0,617.0,617.0,617.0,9/10/2014,40598
618.0,618.0,618.0,618.0,9/11/2014,82450
619.0,619.0,619.0,619.0,9/12/2014,70968
620.0,620.0,620.0,620.0,9/13/2014,-13264
621.0,621.0,621.0,621.0,9/14/2014,25455
622.0,622.0,622.0,622.0,9/15/2014,-19625
623.0,623.0,623.0,623.0,9/16/2014,55356
624.0,624.0,624.0,624.0,9/17/2014,-10682
625.0,625.0,625.0,625.0,9/18/2014,48227
626.0,626.0,626.0,626.0,9/19/2014,37523
627.0,627.0,627.0,627.0,9/20/2014,67185
628.0,628.0,628.0,628.0,9/21/2014,5028
629.0,629.0,629.0,629.0,9/22/2014,54649
630.0,630.0,630.0,630.0,9/23/2014,46694
631.0,631.0,631.0,631.0,9/24/2014,-10436
632.0,632.0,632.0,632.0,9/25/2014,-9237
633.0,633.0,633.0,633.0,9/26/2014,58344
634.0,634.0,634.0,634.0,9/27/2014,-10256
635.0,635.0,635.0,635.0,9/28/2014,-22412
636.0,636.0,636.0,636.0,9/29/2014,-8583
637.0,637.0,637.0,637.0,9/30/2014,79493
638.0,638.0,638.0,638.0,10/1/2014,23103
639.0,639.0,639.0,639.0,10/2/2014,25312
640.0,640.0,640.0,640.0,10/3/2014,72209
641.0,641.0,641.0,641.0,10/4/2014,79468
642.0,642.0,642.0,642.0,10/5/2014,-29463
643.0,643.0,643.0,643.0,10/6/2014,-8256
644.0,644.0,644.0,644.0,10/7/2014,11941
645.0,645.0,645.0,645.0,10/8/2014,35219
646.0,646.0,646.0,646.0,10/9/2014,67444
647.0,647.0,647.0,647.0,10/10/2014,-8382
648.0,648.0,648.0,648.0,10/11/2014,-26637
649.0,649.0,649.0,649.0,10/12/2014,-18988
650.0,650.0,650.0,650.0,10/13/2014,45178
651.0,651.0,651.0,651.0,10/14/2014,4826
652.0,652.0,652.0,652.0,10/15/2014,80528
653.0,653.0,653.0,653.0,10/16/2014,20483
654.0,654.0,654.0,654.0,10/17/2014,47267
655.0,655.0,655.0,655.0,10/18/2014,66904
656.0,656.0,656.0,656.0,10/19/2014,-27980
657.0,657.0,657.0,657.0,10/20/2014,59481
658.0,658.0,658.0,658.0,10/21/2014,31272
659.0,659.0,659.0,659.0,10/22/2014,76450
660.0,660.0,660.0,660.0,10/23/2014,16482
661.0,661.0,661.0,661.0,10/24/2014,-5143
662.0,662.0,662.0,662.0,10/25/2014,-29525
663.0,663.0,663.0,663.0,10/26/2014,81066
664.0,664.0,664.0,664.0,10/27/2014,-9050
665.0,665.0,665.0,665.0,10/28/2014,14907
666.0,666.0,666.0,666.0,10/29/2014,24137
667.0,667.0,667.0,667.0,10/30/2014,84926
668.0,668.0,668.0,668.0,10/31/2014,-6746
669.0,669.0,669.0,669.0,11/1/2014,75921
670.0,670.0,670.0,670.0,11/2/2014,-28899
671.0,671.0,671.0,671.0,11/3/2014,42779
672.0,672.0,672.0,672.0,11/4/2014,35985
673.0,673.0,673.0,673.0,11/5/2014,-14834
674.0,674.0,674.0,674.0,11/6/2014,25970
675.0,675.0,675.0,675.0,11/7/2014,14707
676.0,676.0,676.0,676.0,11/8/2014,75017
677.0,677.0,677.0,677.0,11/9/2014,-26261
678.0,678.0,678.0,678.0,11/10/2014,77118
679.0,679.0,679.0,679.0,11/11/2014,-3101
680.0,680.0,680.0,680.0,11/12/2014,68774
681.0,681.0,681.0,681.0,11/13/2014,-11857
682.0,682.0,682.0,682.0,11/14/2014,13641
683.0,683.0,683.0,683.0,11/15/2014,38931
684.0,684.0,684.0,684.0,11/16/2014,30635
685.0,685.0,685.0,685.0,11/17/2014,23264
686.0,686.0,686.0,686.0,11/18/2014,-29965
687.0,687.0,687.0,687.0,11/19/2014,-15289
688.0,688.0,688.0,688.0,11/20/2014,-15171
689.0,689.0,689.0,689.0,11/21/2014,-19408
690.0,690.0,690.0,690.0,11/22/2014,68171
691.0,691.0,691.0,691.0,11/23/2014,28436
692.0,692.0,692.0,692.0,11/24/2014,37406
693.0,693.0,693.0,693.0,11/25/2014,3635
694.0,694.0,694.0,694.0,11/26/2014,39243
695.0,695.0,695.0,695.0,11/27/2014,-4699
696.0,696.0,696.0,696.0,11/28/2014,25125
697.0,697.0,697.0,697.0,11/29/2014,34449
698.0,698.0,698.0,698.0,11/30/2014,12796
699.0,699.0,699.0,699.0,12/1/2014,80340
700.0,700.0,700.0,700.0,12/2/2014,1041
701.0,701.0,701.0,701.0,12/3/2014,2728
702.0,702.0,702.0,702.0,12/4/2014,56175
703.0,703.0,703.0,703.0,12/5/2014,12685
704.0,704.0,704.0,704.0,12/6/2014,21389
705.0,705.0,705.0,705.0,12/7/2014,5578
706.0,706.0,706.0,706.0,12/8/2014,31783
707.0,707.0,707.0,707.0,12/9/2014,19618
708.0,708.0,708.0,708.0,12/10/2014,34678
709.0,709.0,709.0,709.0,12/11/2014,-7411
710.0,710.0,710.0,710.0,12/12/2014,76489
711.0,711.0,711.0,711.0,12/13/2014,36248
712.0,712.0,712.0,712.0,12/14/2014,25456
713.0,713.0,713.0,713.0,12/15/2014,37037
714.0,714.0,714.0,714.0,12/16/2014,37244
715.0,715.0,715.0,715.0,12/17/2014,-28833
716.0,716.0,716.0,716.0,12/18/2014,31848
717.0,717.0,717.0,717.0,12/19/2014,19825
718.0,718.0,718.0,718.0,12/20/2014,46334
719.0,719.0,719.0,719.0,12/21/2014,49206
720.0,720.0,720.0,720.0,12/22/2014,49357
721.0,721.0,721.0,721.0,12/23/2014,62660
722.0,722.0,722.0,722.0,12/24/2014,35491
723.0,723.0,723.0,723.0,12/25/2014,-25201
724.0,724.0,724.0,724.0,12/26/2014,66701
725.0,725.0,725.0,725.0,12/27/2014,75748
726.0,726.0,726.0,726.0,12/28/2014,21256
727.0,727.0,727.0,727.0,12/29/2014,74397
728.0,728.0,728.0,728.0,12/30/2014,-16829
729.0,729.0,729.0,729.0,12/31/2014,62602
730.0,730.0,730.0,730.0,1/1/2015,-9329
731.0,731.0,731.0,731.0,1/2/2015,-18064
732.0,732.0,732.0,732.0,1/3/2015,-13199
733.0,733.0,733.0,733.0,1/4/2015,80761
734.0,734.0,734.0,734.0,1/5/2015,-3608
735.0,735.0,735.0,735.0,1/6/2015,23897
736.0,736.0,736.0,736.0,1/7/2015,17024
737.0,737.0,737.0,737.0,1/8/2015,-21917
738.0,738.0,738.0,738.0,1/9/2015,65618
739.0,739.0,739.0,739.0,1/10/2015,2242
740.0,740.0,740.0,740.0,1/11/2015,61355
741.0,741.0,741.0,741.0,1/12/2015,-21604
742.0,742.0,742.0,742.0,1/13/2015,35237
743.0,743.0,743.0,743.0,1/14/2015,70301
744.0,744.0,744.0,744.0,1/15/2015,64913
745.0,745.0,745.0,745.0,1/16/2015,-9432
746.0,746.0,746.0,746.0,1/17/2015,23186
747.0,747.0,747.0,747.0,1/18/2015,-15287
748.0,748.0,748.0,748.0,1/19/2015,13438
749.0,749.0,749.0,749.0,1/20/2015,15427
750.0,750.0,750.0,750.0,1/21/2015,13463
751.0,751.0,751.0,751.0,1/22/2015,54353
752.0,752.0,752.0,752.0,1/23/2015,-525
753.0,753.0,753.0,753.0,1/24/2015,54745
754.0,754.0,754.0,754.0,1/25/2015,26732
755.0,755.0,755.0,755.0,1/26/2015,-22740
756.0,756.0,756.0,756.0,1/27/2015,-1979
757.0,757.0,757.0,757.0,1/28/2015,-7828
758.0,758.0,758.0,758.0,1/29/2015,13636
759.0,759.0,759.0,759.0,1/30/2015,16277
760.0,760.0,760.0,760.0,1/31/2015,47998
761.0,761.0,761.0,761.0,2/1/2015,47638
762.0,762.0,762.0,762.0,2/2/2015,37728
763.0,763.0,763.0,763.0,2/3/2015,62881
764.0,764.0,764.0,764.0,2/4/2015,62865
765.0,765.0,765.0,765.0,2/5/2015,38533
766.0,766.0,766.0,766.0,2/6/2015,-28666
767.0,767.0,767.0,767.0,2/7/2015,55249
768.0,768.0,768.0,768.0,2/8/2015,15020
769.0,769.0,769.0,769.0,2/9/2015,13377
770.0,770.0,770.0,770.0,2/10/2015,79618
771.0,771.0,771.0,771.0,2/11/2015,-13439
772.0,772.0,772.0,772.0,2/12/2015,55729
773.0,773.0,773.0,773.0,2/13/2015,23073
774.0,774.0,774.0,774.0,2/14/2015,79513
775.0,775.0,775.0,775.0,2/15/2015,11423
776.0,776.0,776.0,776.0,2/16/2015,79192
777.0,777.0,777.0,777.0,2/17/2015,26789
778.0,778.0,778.0,778.0,2/18/2015,69257
779.0,779.0,779.0,779.0,2/19/2015,37100
780.0,780.0,780.0,780.0,2/20/2015,30783
781.0,781.0,781.0,781.0,2/21/2015,79838
782.0,782.0,782.0,782.0,2/22/2015,-5236
783.0,783.0,783.0,783.0,2/23/2015,-21258
784.0,784.0,784.0,784.0,2/24/2015,52490
785.0,785.0,785.0,785.0,2/25/2015,66887
786.0,786.0,786.0,786.0,2/26/2015,-18643
787.0,787.0,787.0,787.0,2/27/2015,31731
788.0,788.0,788.0,788.0,2/28/2015,72951
789.0,789.0,789.0,789.0,3/1/2015,-22300
790.0,790.0,790.0,790.0,3/2/2015,13848
791.0,791.0,791.0,791.0,3/3/2015,45211
792.0,792.0,792.0,792.0,3/4/2015,-16678
793.0,793.0,793.0,793.0,3/5/2015,73004
794.0,794.0,794.0,794.0,3/6/2015,61509
795.0,795.0,795.0,795.0,3/7/2015,-26329
796.0,796.0,796.0,796.0,3/8/2015,71389
797.0,797.0,797.0,797.0,3/9/2015,8033
798.0,798.0,798.0,798.0,3/10/2015,54804
799.0,799.0,799.0,799.0,3/11/2015,60518
800.0,800.0,800.0,800.0,3/12/2015,83151
801.0,801.0,801.0,801.0,3/13/2015,-26113
802.0,802.0,802.0,802.0,3/14/2015,28195
803.0,803.0,803.0,803.0,3/15/2015,52843
804.0,804.0,804.0,804.0,3/16/2015,78352
805.0,805.0,805.0,805.0,3/17/2015,52235
806.0,806.0,806.0,806.0,3/18/2015,-18320
807.0,807.0,807.0,807.0,3/19/2015,17320
808.0,808.0,808.0,808.0,3/20/2015,66478
809.0,809.0,809.0,809.0,3/21/2015,57095
810.0,810.0,810.0,810.0,3/22/2015,31255
811.0,811.0,811.0,811.0,3/23/2015,-2693
812.0,812.0,812.0,812.0,3/24/2015,20717
813.0,813.0,813.0,813.0,3/25/2015,84236
814.0,814.0,814.0,814.0,3/26/2015,70285
815.0,815.0,815.0,815.0,3/27/2015,68490
816.0,816.0,816.0,816.0,3/28/2015,5021
817.0,817.0,817.0,817.0,3/29/2015,79229
818.0,818.0,818.0,818.0,3/30/2015,-3735
819.0,819.0,819.0,819.0,3/31/2015,22447
820.0,820.0,820.0,820.0,4/1/2015,-10278
821.0,821.0,821.0,821.0,4/2/2015,-16240
822.0,822.0,822.0,822.0,4/3/2015,68613
823.0,823.0,823.0,823.0,4/4/2015,-6643
824.0,824.0,824.0,824.0,4/5/2015,76987
825.0,825.0,825.0,825.0,4/6/2015,38235
826.0,826.0,826.0,826.0,4/7/2015,-29083
827.0,827.0,827.0,827.0,4/8/2015,51772
828.0,828.0,828.0,828.0,4/9/2015,70798
829.0,829.0,829.0,829.0,4/10/2015,739
830.0,830.0,830.0,830.0,4/11/2015,20946
831.0,831.0,831.0,831.0,4/12/2015,62145
832.0,832.0,832.0,832.0,4/13/2015,-9800
833.0,833.0,833.0,833.0,4/14/2015,51569
834.0,834.0,834.0,834.0,4/15/2015,59644
835.0,835.0,835.0,835.0,4/16/2015,40361
836.0,836.0,836.0,836.0,4/17/2015,13188
837.0,837.0,837.0,837.0,4/18/2015,2470
838.0,838.0,838.0,838.0,4/19/2015,-9207
839.0,839.0,839.0,839.0,4/20/2015,34690
840.0,840.0,840.0,840.0,4/21/2015,4762
841.0,841.0,841.0,841.0,4/22/2015,-4467
842.0,842.0,842.0,842.0,4/23/2015,78002
843.0,843.0,843.0,843.0,4/24/2015,68542
844.0,844.0,844.0,844.0,4/25/2015,37347
845.0,845.0,845.0,845.0,4/26/2015,56265
846.0,846.0,846.0,846.0,4/27/2015,22390
847.0,847.0,847.0,847.0,4/28/2015,84611
848.0,848.0,848.0,848.0,4/29/2015,1543
849.0,849.0,849.0,849.0,4/30/2015,64351
850.0,850.0,850.0,850.0,5/1/2015,49868
851.0,851.0,851.0,851.0,5/2/2015,22926
852.0,852.0,852.0,852.0,5/3/2015,66324
853.0,853.0,853.0,853.0,5/4/2015,60914
854.0,854.0,854.0,854.0,5/5/2015,44436
855.0,855.0,855.0,855.0,5/6/2015,-1314
856.0,856.0,856.0,856.0,5/7/2015,82818
857.0,857.0,857.0,857.0,5/8/2015,4793
858.0,858.0,858.0,858.0,5/9/2015,-19746
859.0,859.0,859.0,859.0,5/10/2015,918
860.0,860.0,860.0,860.0,5/11/2015,70836
861.0,861.0,861.0,861.0,5/12/2015,-12937
862.0,862.0,862.0,862.0,5/13/2015,12548
863.0,863.0,863.0,863.0,5/14/2015,-11678
864.0,864.0,864.0,864.0,5/15/2015,24896
865.0,865.0,865.0,865.0,5/16/2015,-19834
866.0,866.0,866.0,866.0,5/17/2015,-27705
867.0,867.0,867.0,867.0,5/18/2015,38566
868.0,868.0,868.0,868.0,5/19/2015,75677
869.0,869.0,869.0,869.0,5/20/2015,63340
870.0,870.0,870.0,870.0,5/21/2015,1697
871.0,871.0,871.0,871.0,5/22/2015,27296
872.0,872.0,872.0,872.0,5/23/2015,16314
873.0,873.0,873.0,873.0,5/24/2015,4032
874.0,874.0,874.0,874.0,5/25/2015,-8516
875.0,875.0,875.0,875.0,5/26/2015,54052
876.0,876.0,876.0,876.0,5/27/2015,70397
877.0,877.0,877.0,877.0,5/28/2015,911
878.0,878.0,878.0,878.0,5/29/2015,5294
879.0,879.0,879.0,879.0,5/30/2015,-27697
880.0,880.0,880.0,880.0,5/31/2015,1383
881.0,881.0,881.0,881.0,6/1/2015,-16044
882.0,882.0,882.0,882.0,6/2/2015,23596
883.0,883.0,883.0,883.0,6/3/2015,23633
884.0,884.0,884.0,884.0,6/4/2015,-8486
885.0,885.0,885.0,885.0,6/5/2015,83423
886.0,886.0,886.0,886.0,6/6/2015,13720
887.0,887.0,887.0,887.0,6/7/2015,38311
888.0,888.0,888.0,888.0,6/8/2015,73884
889.0,889.0,889.0,889.0,6/9/2015,47471
890.0,890.0,890.0,890.0,6/10/2015,18080
891.0,891.0,891.0,891.0,6/11/2015,-12320
892.0,892.0,892.0,892.0,6/12/2015,65609
893.0,893.0,893.0,893.0,6/13/2015,64040
894.0,894.0,894.0,894.0,6/14/2015,50187
895.0,895.0,895.0,895.0,6/15/2015,30835
896.0,896.0,896.0,896.0,6/16/2015,9636
897.0,897.0,897.0,897.0,6/17/2015,-481
898.0,898.0,898.0,898.0,6/18/2015,-17191
899.0,899.0,899.0,899.0,6/19/2015,23217
900.0,900.0,900.0,900.0,6/20/2015,38314
901.0,901.0,901.0,901.0,6/21/2015,-17068
902.0,902.0,902.0,902.0,6/22/2015,-12909
903.0,903.0,903.0,903.0,6/23/2015,-21168
904.0,904.0,904.0,904.0,6/24/2015,84698
905.0,905.0,905.0,905.0,6/25/2015,-5077
906.0,906.0,906.0,906.0,6/26/2015,-23498
907.0,907.0,907.0,907.0,6/27/2015,19663
908.0,908.0,908.0,908.0,6/28/2015,-19279
909.0,909.0,909.0,909.0,6/29/2015,34062
910.0,910.0,910.0,910.0,6/30/2015,-23155
911.0,911.0,911.0,911.0,7/1/2015,-10211
912.0,912.0,912.0,912.0,7/2/2015,-2858
913.0,913.0,913.0,913.0,7/3/2015,72670
914.0,914.0,914.0,914.0,7/4/2015,34306
915.0,915.0,915.0,915.0,7/5/2015,15739
916.0,916.0,916.0,916.0,7/6/2015,81738
917.0,917.0,917.0,917.0,7/7/2015,2224
918.0,918.0,918.0,918.0,7/8/2015,55015
919.0,919.0,919.0,919.0,7/9/2015,82901
920.0,920.0,920.0,920.0,7/10/2015,-11364
921.0,921.0,921.0,921.0,7/11/2015,62863
922.0,922.0,922.0,922.0,7/12/2015,-22687
923.0,923.0,923.0,923.0,7/13/2015,65425
924.0,924.0,924.0,924.0,7/14/2015,2998
925.0,925.0,925.0,925.0,7/15/2015,84630
926.0,926.0,926.0,926.0,7/16/2015,39743
927.0,927.0,927.0,927.0,7/17/2015,35109
928.0,928.0,928.0,928.0,7/18/2015,63900
929.0,929.0,929.0,929.0,7/19/2015,-27157
930.0,930.0,930.0,930.0,7/20/2015,1605
931.0,931.0,931.0,931.0,7/21/2015,21195
932.0,932.0,932.0,932.0,7/22/2015,3083
933.0,933.0,933.0,933.0,7/23/2015,-18969
934.0,934.0,934.0,934.0,7/24/2015,81717
935.0,935.0,935.0,935.0,7/25/2015,46267
936.0,936.0,936.0,936.0,7/26/2015,-4297
937.0,937.0,937.0,937.0,7/27/2015,57636
938.0,938.0,938.0,938.0,7/28/2015,10924
939.0,939.0,939.0,939.0,7/29/2015,4744
940.0,940.0,940.0,940.0,7/30/2015,48526
941.0,941.0,941.0,941.0,7/31/2015,-13811
942.0,942.0,942.0,942.0,8/1/2015,19271
943.0,943.0,943.0,943.0,8/2/2015,7582
944.0,944.0,944.0,944.0,8/3/2015,53152
945.0,945.0,945.0,945.0,8/4/2015,10807
946.0,946.0,946.0,946.0,8/5/2015,-14399
947.0,947.0,947.0,947.0,8/6/2015,-5376
948.0,948.0,948.0,948.0,8/7/2015,-24948
949.0,949.0,949.0,949.0,8/8/2015,-15175
950.0,950.0,950.0,950.0,8/9/2015,-13201
951.0,951.0,951.0,951.0,8/10/2015,78837
952.0,952.0,952.0,952.0,8/11/2015,-5537
953.0,953.0,953.0,953.0,8/12/2015,13455
954.0,954.0,954.0,954.0,8/13/2015,64583
955.0,955.0,955.0,955.0,8/14/2015,44599
956.0,956.0,956.0,956.0,8/15/2015,-22462
957.0,957.0,957.0,957.0,8/16/2015,22571
958.0,958.0,958.0,958.0,8/17/2015,24563
959.0,959.0,959.0,959.0,8/18/2015,54675
960.0,960.0,960.0,960.0,8/19/2015,74073
961.0,961.0,961.0,961.0,8/20/2015,19616
962.0,962.0,962.0,962.0,8/21/2015,15806
963.0,963.0,963.0,963.0,8/22/2015,-17017
964.0,964.0,964.0,964.0,8/23/2015,18462
965.0,965.0,965.0,965.0,8/24/2015,-1033
966.0,966.0,966.0,966.0,8/25/2015,50817
967.0,967.0,967.0,967.0,8/26/2015,48478
968.0,968.0,968.0,968.0,8/27/2015,20889
969.0,969.0,969.0,969.0,8/28/2015,2623
970.0,970.0,970.0,970.0,8/29/2015,-15056
971.0,971.0,971.0,971.0,8/30/2015,12079
972.0,972.0,972.0,972.0,8/31/2015,72314
973.0,973.0,973.0,973.0,9/1/2015,57768
974.0,974.0,974.0,974.0,9/2/2015,-25733
975.0,975.0,975.0,975.0,9/3/2015,20356
976.0,976.0,976.0,976.0,9/4/2015,58462
977.0,977.0,977.0,977.0,9/5/2015,83061
978.0,978.0,978.0,978.0,9/6/2015,-1399
979.0,979.0,979.0,979.0,9/7/2015,31414
980.0,980.0,980.0,980.0,9/8/2015,59503
981.0,981.0,981.0,981.0,9/9/2015,67401
982.0,982.0,982.0,982.0,9/10/2015,67148
983.0,983.0,983.0,983.0,9/11/2015,-16425
984.0,984.0,984.0,984.0,9/12/2015,78518
985.0,985.0,985.0,985.0,9/13/2015,-22010
986.0,986.0,986.0,986.0,9/14/2015,52809
987.0,987.0,987.0,987.0,9/15/2015,-9928
988.0,988.0,988.0,988.0,9/16/2015,-14327
989.0,989.0,989.0,989.0,9/17/2015,-24322
990.0,990.0,990.0,990.0,9/18/2015,-27424
991.0,991.0,991.0,991.0,9/19/2015,60114
992.0,992.0,992.0,992.0,9/20/2015,58144
993.0,993.0,993.0,993.0,9/21/2015,22862
994.0,994.0,994.0,994.0,9/22/2015,-27251
995.0,995.0,995.0,995.0,9/23/2015,-10874
996.0,996.0,996.0,996.0,9/24/2015,6454
997.0,997.0,997.0,997.0,9/25/2015,1358
998.0,998.0,998.0,998.0,9/26/2015,20258
999.0,999.0,999.0,999.0,9/27/2015,17559
1000.0,1000.0,1000.0,1000.0,9/28/2015,74250
1001.0,1001.0,1001.0,1001.0,9/29/2015,-9965
1002.0,1002.0,1002.0,1002.0,9/30/2015,11883
1003.0,1003.0,1003.0,1003.0,10/1/2015,72131
1004.0,1004.0,1004.0,1004.0,10/2/2015,20792
1005.0,1005.0,1005.0,1005.0,10/3/2015,71299
1006.0,1006.0,1006.0,1006.0,10/4/2015,-16176
1007.0,1007.0,1007.0,1007.0,10/5/2015,54018
1008.0,1008.0,1008.0,1008.0,10/6/2015,56224
1009.0,1009.0,1009.0,1009.0,10/7/2015,-792
1010.0,1010.0,1010.0,1010.0,10/8/2015,20824
1011.0,1011.0,1011.0,1011.0,10/9/2015,54112
1012.0,1012.0,1012.0,1012.0,10/10/2015,-16182
1013.0,1013.0,1013.0,1013.0,10/11/2015,52242
1014.0,1014.0,1014.0,1014.0,10/12/2015,11110
1015.0,1015.0,1015.0,1015.0,10/13/2015,-13366
1016.0,1016.0,1016.0,1016.0,10/14/2015,7825
1017.0,1017.0,1017.0,1017.0,10/15/2015,-5245
1018.0,1018.0,1018.0,1018.0,10/16/2015,69342
1019.0,1019.0,1019.0,1019.0,10/17/2015,61450
1020.0,1020.0,1020.0,1020.0,10/18/2015,-4543
1021.0,1021.0,1021.0,1021.0,10/19/2015,-13881
1022.0,1022.0,1022.0,1022.0,10/20/2015,19101
1023.0,1023.0,1023.0,1023.0,10/21/2015,28056
1024.0,1024.0,1024.0,1024.0,10/22/2015,10650
1025.0,1025.0,1025.0,1025.0,10/23/2015,5584
1026.0,1026.0,1026.0,1026.0,10/24/2015,59322
1027.0,1027.0,1027.0,1027.0,10/25/2015,22323
1028.0,1028.0,1028.0,1028.0,10/26/2015,30555
1029.0,1029.0,1029.0,1029.0,10/27/2015,6303
1030.0,1030.0,1030.0,1030.0,10/28/2015,37147
1031.0,1031.0,1031.0,1031.0,10/29/2015,38542
1032.0,1032.0,1032.0,1032.0,10/30/2015,27644
1033.0,1033.0,1033.0,1033.0,10/31/2015,-7149
1034.0,1034.0,1034.0,1034.0,11/1/2015,59259
1035.0,1035.0,1035.0,1035.0,11/2/2015,-5765
1036.0,1036.0,1036.0,1036.0,11/3/2015,76057
1037.0,1037.0,1037.0,1037.0,11/4/2015,42921
1038.0,1038.0,1038.0,1038.0,11/5/2015,69162
1039.0,1039.0,1039.0,1039.0,11/6/2015,71870
1040.0,1040.0,1040.0,1040.0,11/7/2015,80420
1041.0,1041.0,1041.0,1041.0,11/8/2015,34547
1042.0,1042.0,1042.0,1042.0,11/9/2015,14468
1043.0,1043.0,1043.0,1043.0,11/10/2015,-8907
1044.0,1044.0,1044.0,1044.0,11/11/2015,11695
1045.0,1045.0,1045.0,1045.0,11/12/2015,-18372
1046.0,1046.0,1046.0,1046.0,11/13/2015,68117
1047.0,1047.0,1047.0,1047.0,11/14/2015,2060
1048.0,1048.0,1048.0,1048.0,11/15/2015,60431
1049.0,1049.0,1049.0,1049.0,11/16/2015,33531
1050.0,1050.0,1050.0,1050.0,11/17/2015,42918
1051.0,1051.0,1051.0,1051.0,11/18/2015,49736
1052.0,1052.0,1052.0,1052.0,11/19/2015,68912
1053.0,1053.0,1053.0,1053.0,11/20/2015,44078
1054.0,1054.0,1054.0,1054.0,11/21/2015,5698
1055.0,1055.0,1055.0,1055.0,11/22/2015,66534
1056.0,1056.0,1056.0,1056.0,11/23/2015,51843
1057.0,1057.0,1057.0,1057.0,11/24/2015,-11219
1058.0,1058.0,1058.0,1058.0,11/25/2015,32550
1059.0,1059.0,1059.0,1059.0,11/26/2015,75078
1060.0,1060.0,1060.0,1060.0,11/27/2015,-8250
1061.0,1061.0,1061.0,1061.0,11/28/2015,55632
1062.0,1062.0,1062.0,1062.0,11/29/2015,74593
1063.0,1063.0,1063.0,1063.0,11/30/2015,48781
1064.0,1064.0,1064.0,1064.0,12/1/2015,1735
1065.0,1065.0,1065.0,1065.0,12/2/2015,28254
1066.0,1066.0,1066.0,1066.0,12/3/2015,30690
1067.0,1067.0,1067.0,1067.0,12/4/2015,-26279
1068.0,1068.0,1068.0,1068.0,12/5/2015,79969
1069.0,1069.0,1069.0,1069.0,12/6/2015,8108
1070.0,1070.0,1070.0,1070.0,12/7/2015,32916
1071.0,1071.0,1071.0,1071.0,12/8/2015,16971
1072.0,1072.0,1072.0,1072.0,12/9/2015,-23457
1073.0,1073.0,1073.0,1073.0,12/10/2015,40812
1074.0,1074.0,1074.0,1074.0,12/11/2015,46191
1075.0,1075.0,1075.0,1075.0,12/12/2015,-12721
1076.0,1076.0,1076.0,1076.0,12/13/2015,48186
1077.0,1077.0,1077.0,1077.0,12/14/2015,56361
1078.0,1078.0,1078.0,1078.0,12/15/2015,69937
1079.0,1079.0,1079.0,1079.0,12/16/2015,61597
1080.0,1080.0,1080.0,1080.0,12/17/2015,-19681
1081.0,1081.0,1081.0,1081.0,12/18/2015,4223
1082.0,1082.0,1082.0,1082.0,12/19/2015,-17671
1083.0,1083.0,1083.0,1083.0,12/20/2015,3329
1084.0,1084.0,1084.0,1084.0,12/21/2015,45005
1085.0,1085.0,1085.0,1085.0,12/22/2015,78264
1086.0,1086.0,1086.0,1086.0,12/23/2015,27209
1087.0,1087.0,1087.0,1087.0,12/24/2015,25674
1088.0,1088.0,1088.0,1088.0,12/25/2015,52818
1089.0,1089.0,1089.0,1089.0,12/26/2015,-23856
1090.0,1090.0,1090.0,1090.0,12/27/2015,81459
1091.0,1091.0,1091.0,1091.0,12/28/2015,84819
1092.0,1092.0,1092.0,1092.0,12/29/2015,-20120
1093.0,1093.0,1093.0,1093.0,12/30/2015,80586
1094.0,1094.0,1094.0,1094.0,12/31/2015,42977
1095.0,1095.0,1095.0,1095.0,1/1/2016,-17877
1096.0,1096.0,1096.0,1096.0,1/2/2016,82194
1097.0,1097.0,1097.0,1097.0,1/3/2016,41962
1098.0,1098.0,1098.0,1098.0,1/4/2016,76792
1099.0,1099.0,1099.0,1099.0,1/5/2016,73997
1100.0,1100.0,1100.0,1100.0,1/6/2016,7290
1101.0,1101.0,1101.0,1101.0,1/7/2016,76704
1102.0,1102.0,1102.0,1102.0,1/8/2016,14382
1103.0,1103.0,1103.0,1103.0,1/9/2016,33175
1104.0,1104.0,1104.0,1104.0,1/10/2016,-21554
1105.0,1105.0,1105.0,1105.0,1/11/2016,37874
1106.0,1106.0,1106.0,1106.0,1/12/2016,17515
1107.0,1107.0,1107.0,1107.0,1/13/2016,35603
1108.0,1108.0,1108.0,1108.0,1/14/2016,3444
1109.0,1109.0,1109.0,1109.0,1/15/2016,58650
1110.0,1110.0,1110.0,1110.0,1/16/2016,68166
1111.0,1111.0,1111.0,1111.0,1/17/2016,38746
1112.0,1112.0,1112.0,1112.0,1/18/2016,20398
1113.0,1113.0,1113.0,1113.0,1/19/2016,24330
1114.0,1114.0,1114.0,1114.0,1/20/2016,37431
1115.0,1115.0,1115.0,1115.0,1/21/2016,-23585
1116.0,1116.0,1116.0,1116.0,1/22/2016,32357
1117.0,1117.0,1117.0,1117.0,1/23/2016,-4066
1118.0,1118.0,1118.0,1118.0,1/24/2016,-8740
1119.0,1119.0,1119.0,1119.0,1/25/2016,23682
1120.0,1120.0,1120.0,1120.0,1/26/2016,81774
1121.0,1121.0,1121.0,1121.0,1/27/2016,3283
1122.0,1122.0,1122.0,1122.0,1/28/2016,44879
1123.0,1123.0,1123.0,1123.0,1/29/2016,8669
1124.0,1124.0,1124.0,1124.0,1/30/2016,18488
1125.0,1125.0,1125.0,1125.0,1/31/2016,55249
1126.0,1126.0,1126.0,1126.0,2/1/2016,-14602
1127.0,1127.0,1127.0,1127.0,2/2/2016,58236
1128.0,1128.0,1128.0,1128.0,2/3/2016,2359
1129.0,1129.0,1129.0,1129.0,2/4/2016,22055
1130.0,1130.0,1130.0,1130.0,2/5/2016,69369
1131.0,1131.0,1131.0,1131.0,2/6/2016,19893
1132.0,1132.0,1132.0,1132.0,2/7/2016,30746
1133.0,1133.0,1133.0,1133.0,2/8/2016,-5643
1134.0,1134.0,1134.0,1134.0,2/9/2016,7681
1135.0,1135.0,1135.0,1135.0,2/10/2016,863
1136.0,1136.0,1136.0,1136.0,2/11/2016,42219
1137.0,1137.0,1137.0,1137.0,2/12/2016,50
1138.0,1138.0,1138.0,1138.0,2/13/2016,69282
1139.0,1139.0,1139.0,1139.0,2/14/2016,45561
1140.0,1140.0,1140.0,1140.0,2/15/2016,58306
1141.0,1141.0,1141.0,1141.0,2/16/2016,23079
1142.0,1142.0,1142.0,1142.0,2/17/2016,18771
1143.0,1143.0,1143.0,1143.0,2/18/2016,64551
1144.0,1144.0,1144.0,1144.0,2/19/2016,76348
1145.0,1145.0,1145.0,1145.0,2/20/2016,71095
1146.0,1146.0,1146.0,1146.0,2/21/2016,-14311
1147.0,1147.0,1147.0,1147.0,2/22/2016,38146
1148.0,1148.0,1148.0,1148.0,2/23/2016,67903
1149.0,1149.0,1149.0,1149.0,2/24/2016,33434
1150.0,1150.0,1150.0,1150.0,2/25/2016,83018
1151.0,1151.0,1151.0,1151.0,2/26/2016,36719
1152.0,1152.0,1152.0,1152.0,2/27/2016,-242
1153.0,1153.0,1153.0,1153.0,2/28/2016,69415
1154.0,1154.0,1154.0,1154.0,2/29/2016,75985
1155.0,1155.0,1155.0,1155.0,3/1/2016,61934
1156.0,1156.0,1156.0,1156.0,3/2/2016,-28393
1157.0,1157.0,1157.0,1157.0,3/3/2016,-10362
1158.0,1158.0,1158.0,1158.0,3/4/2016,2920
1159.0,1159.0,1159.0,1159.0,3/5/2016,54384
1160.0,1160.0,1160.0,1160.0,3/6/2016,4241
1161.0,1161.0,1161.0,1161.0,3/7/2016,69249
1162.0,1162.0,1162.0,1162.0,3/8/2016,-17885
1163.0,1163.0,1163.0,1163.0,3/9/2016,22002
1164.0,1164.0,1164.0,1164.0,3/10/2016,49982
1165.0,1165.0,1165.0,1165.0,3/11/2016,57655
1166.0,1166.0,1166.0,1166.0,3/12/2016,-8446
1167.0,1167.0,1167.0,1167.0,3/13/2016,-1638
1168.0,1168.0,1168.0,1168.0,3/14/2016,79272
1169.0,1169.0,1169.0,1169.0,3/15/2016,-7108
1170.0,1170.0,1170.0,1170.0,3/16/2016,81346
1171.0,1171.0,1171.0,1171.0,3/17/2016,68600
1172.0,1172.0,1172.0,1172.0,3/18/2016,61688
1173.0,1173.0,1173.0,1173.0,3/19/2016,33694
1174.0,1174.0,1174.0,1174.0,3/20/2016,60121
1175.0,1175.0,1175.0,1175.0,3/21/2016,-26151
1176.0,1176.0,1176.0,1176.0,3/22/2016,55329
1177.0,1177.0,1177.0,1177.0,3/23/2016,-9768
1178.0,1178.0,1178.0,1178.0,3/24/2016,44460
1179.0,1179.0,1179.0,1179.0,3/25/2016,2387
1180.0,1180.0,1180.0,1180.0,3/26/2016,41748
1181.0,1181.0,1181.0,1181.0,3/27/2016,39863
1182.0,1182.0,1182.0,1182.0,3/28/2016,25318
1183.0,1183.0,1183.0,1183.0,3/29/2016,71976
1184.0,1184.0,1184.0,1184.0,3/30/2016,28930
1185.0,1185.0,1185.0,1185.0,3/31/2016,-3862
1186.0,1186.0,1186.0,1186.0,4/1/2016,1274
1187.0,1187.0,1187.0,1187.0,4/2/2016,81853
1188.0,1188.0,1188.0,1188.0,4/3/2016,82048
1189.0,1189.0,1189.0,1189.0,4/4/2016,69420
1190.0,1190.0,1190.0,1190.0,4/5/2016,-6054
1191.0,1191.0,1191.0,1191.0,4/6/2016,13429
1192.0,1192.0,1192.0,1192.0,4/7/2016,36291
1193.0,1193.0,1193.0,1193.0,4/8/2016,-4838
1194.0,1194.0,1194.0,1194.0,4/9/2016,71853
1195.0,1195.0,1195.0,1195.0,4/10/2016,-19157
1196.0,1196.0,1196.0,1196.0,4/11/2016,57465
1197.0,1197.0,1197.0,1197.0,4/12/2016,20240
1198.0,1198.0,1198.0,1198.0,4/13/2016,-9171
1199.0,1199.0,1199.0,1199.0,4/14/2016,58558
1200.0,1200.0,1200.0,1200.0,4/15/2016,16218
1201.0,1201.0,1201.0,1201.0,4/16/2016,16593
1202.0,1202.0,1202.0,1202.0,4/17/2016,48392
1203.0,1203.0,1203.0,1203.0,4/18/2016,38171
1204.0,1204.0,1204.0,1204.0,4/19/2016,33954
1205.0,1205.0,1205.0,1205.0,4/20/2016,9206
1206.0,1206.0,1206.0,1206.0,4/21/2016,9088
1207.0,1207.0,1207.0,1207.0,4/22/2016,-7893
1208.0,1208.0,1208.0,1208.0,4/23/2016,23475
1209.0,1209.0,1209.0,1209.0,4/24/2016,57269
1210.0,1210.0,1210.0,1210.0,4/25/2016,-6159
1211.0,1211.0,1211.0,1211.0,4/26/2016,82832
1212.0,1212.0,1212.0,1212.0,4/27/2016,10478
1213.0,1213.0,1213.0,1213.0,4/28/2016,-15809
1214.0,1214.0,1214.0,1214.0,4/29/2016,-19756
1215.0,1215.0,1215.0,1215.0,4/30/2016,-4091
1216.0,1216.0,1216.0,1216.0,5/1/2016,25336
1217.0,1217.0,1217.0,1217.0,5/2/2016,34040
1218.0,1218.0,1218.0,1218.0,5/3/2016,69376
1219.0,1219.0,1219.0,1219.0,5/4/2016,28910
1220.0,1220.0,1220.0,1220.0,5/5/2016,73280
1221.0,1221.0,1221.0,1221.0,5/6/2016,-14593
1222.0,1222.0,1222.0,1222.0,5/7/2016,52879
1223.0,1223.0,1223.0,1223.0,5/8/2016,-7474
1224.0,1224.0,1224.0,1224.0,5/9/2016,107
1225.0,1225.0,1225.0,1225.0,5/10/2016,-18049
1226.0,1226.0,1226.0,1226.0,5/11/2016,8953
1227.0,1227.0,1227.0,1227.0,5/12/2016,47979
1228.0,1228.0,1228.0,1228.0,5/13/2016,-19044
1229.0,1229.0,1229.0,1229.0,5/14/2016,-16447
1230.0,1230.0,1230.0,1230.0,5/15/2016,43909
1231.0,1231.0,1231.0,1231.0,5/16/2016,32751
1232.0,1232.0,1232.0,1232.0,5/17/2016,2260
1233.0,1233.0,1233.0,1233.0,5/18/2016,38223
1234.0,1234.0,1234.0,1234.0,5/19/2016,-27217
1235.0,1235.0,1235.0,1235.0,5/20/2016,-25550
1236.0,1236.0,1236.0,1236.0,5/21/2016,5784
1237.0,1237.0,1237.0,1237.0,5/22/2016,65491
1238.0,1238.0,1238.0,1238.0,5/23/2016,84608
1239.0,1239.0,1239.0,1239.0,5/24/2016,12296
1240.0,1240.0,1240.0,1240.0,5/25/2016,34613
1241.0,1241.0,1241.0,1241.0,5/26/2016,82692
1242.0,1242.0,1242.0,1242.0,5/27/2016,-19779
1243.0,1243.0,1243.0,1243.0,5/28/2016,10852
1244.0,1244.0,1244.0,1244.0,5/29/2016,10617
1245.0,1245.0,1245.0,1245.0,5/30/2016,48566
1246.0,1246.0,1246.0,1246.0,5/31/2016,78421
1247.0,1247.0,1247.0,1247.0,6/1/2016,-7749
1248.0,1248.0,1248.0,1248.0,6/2/2016,-26985
1249.0,1249.0,1249.0,1249.0,6/3/2016,19433
1250.0,1250.0,1250.0,1250.0,6/4/2016,-11150
1251.0,1251.0,1251.0,1251.0,6/5/2016,25016
1252.0,1252.0,1252.0,1252.0,6/6/2016,42108
1253.0,1253.0,1253.0,1253.0,6/7/2016,6568
1254.0,1254.0,1254.0,1254.0,6/8/2016,79869
1255.0,1255.0,1255.0,1255.0,6/9/2016,79206
1256.0,1256.0,1256.0,1256.0,6/10/2016,-11952
1257.0,1257.0,1257.0,1257.0,6/11/2016,75812
1258.0,1258.0,1258.0,1258.0,6/12/2016,48743
1259.0,1259.0,1259.0,1259.0,6/13/2016,-29113
1260.0,1260.0,1260.0,1260.0,6/14/2016,66888
1261.0,1261.0,1261.0,1261.0,6/15/2016,20356
1262.0,1262.0,1262.0,1262.0,6/16/2016,38427
1263.0,1263.0,1263.0,1263.0,6/17/2016,51684
1264.0,1264.0,1264.0,1264.0,6/18/2016,65282
1265.0,1265.0,1265.0,1265.0,6/19/2016,23599
1266.0,1266.0,1266.0,1266.0,6/20/2016,27324
1267.0,1267.0,1267.0,1267.0,6/21/2016,77219
1268.0,1268.0,1268.0,1268.0,6/22/2016,55304
1269.0,1269.0,1269.0,1269.0,6/23/2016,82325
1270.0,1270.0,1270.0,1270.0,6/24/2016,65267
1271.0,1271.0,1271.0,1271.0,6/25/2016,43953
1272.0,1272.0,1272.0,1272.0,6/26/2016,-24575
1273.0,1273.0,1273.0,1273.0,6/27/2016,-8764
1274.0,1274.0,1274.0,1274.0,6/28/2016,35171
1275.0,1275.0,1275.0,1275.0,6/29/2016,-1152
1276.0,1276.0,1276.0,1276.0,6/30/2016,42731
1277.0,1277.0,1277.0,1277.0,7/1/2016,41534
1278.0,1278.0,1278.0,1278.0,7/2/2016,-18733
1279.0,1279.0,1279.0,1279.0,7/3/2016,57227
1280.0,1280.0,1280.0,1280.0,7/4/2016,72865
1281.0,1281.0,1281.0,1281.0,7/5/2016,74317
1282.0,1282.0,1282.0,1282.0,7/6/2016,28366
1283.0,1283.0,1283.0,1283.0,7/7/2016,52396
1284.0,1284.0,1284.0,1284.0,7/8/2016,74554
1285.0,1285.0,1285.0,1285.0,7/9/2016,12759
1286.0,1286.0,1286.0,1286.0,7/10/2016,-20634
1287.0,1287.0,1287.0,1287.0,7/11/2016,20126
1288.0,1288.0,1288.0,1288.0,7/12/2016,82326
1289.0,1289.0,1289.0,1289.0,7/13/2016,8586
1290.0,1290.0,1290.0,1290.0,7/14/2016,39281
1291.0,1291.0,1291.0,1291.0,7/15/2016,12483
1292.0,1292.0,1292.0,1292.0,7/16/2016,38638
1293.0,1293.0,1293.0,1293.0,7/17/2016,76971
1294.0,1294.0,1294.0,1294.0,7/18/2016,84480
1295.0,1295.0,1295.0,1295.0,7/19/2016,46733
1296.0,1296.0,1296.0,1296.0,7/20/2016,35193
1297.0,1297.0,1297.0,1297.0,7/21/2016,61307
1298.0,1298.0,1298.0,1298.0,7/22/2016,-20794
1299.0,1299.0,1299.0,1299.0,7/23/2016,68127
1300.0,1300.0,1300.0,1300.0,7/24/2016,34560
1301.0,1301.0,1301.0,1301.0,7/25/2016,-28847
1302.0,1302.0,1302.0,1302.0,7/26/2016,80391
1303.0,1303.0,1303.0,1303.0,7/27/2016,-859
1304.0,1304.0,1304.0,1304.0,7/28/2016,69751
1305.0,1305.0,1305.0,1305.0,7/29/2016,8634
1306.0,1306.0,1306.0,1306.0,7/30/2016,69347
1307.0,1307.0,1307.0,1307.0,7/31/2016,-369
1308.0,1308.0,1308.0,1308.0,8/1/2016,45479
1309.0,1309.0,1309.0,1309.0,8/2/2016,69098
1310.0,1310.0,1310.0,1310.0,8/3/2016,9242
1311.0,1311.0,1311.0,1311.0,8/4/2016,52531
1312.0,1312.0,1312.0,1312.0,8/5/2016,20830
1313.0,1313.0,1313.0,1313.0,8/6/2016,55298
1314.0,1314.0,1314.0,1314.0,8/7/2016,-6442
1315.0,1315.0,1315.0,1315.0,8/8/2016,9456
1316.0,1316.0,1316.0,1316.0,8/9/2016,23418
1317.0,1317.0,1317.0,1317.0,8/10/2016,7745
1318.0,1318.0,1318.0,1318.0,8/11/2016,5888
1319.0,1319.0,1319.0,1319.0,8/12/2016,30719
1320.0,1320.0,1320.0,1320.0,8/13/2016,78898
1321.0,1321.0,1321.0,1321.0,8/14/2016,19250
1322.0,1322.0,1322.0,1322.0,8/15/2016,-15585
1323.0,1323.0,1323.0,1323.0,8/16/2016,-11346
1324.0,1324.0,1324.0,1324.0,8/17/2016,-25772
1325.0,1325.0,1325.0,1325.0,8/18/2016,16941
1326.0,1326.0,1326.0,1326.0,8/19/2016,41063
1327.0,1327.0,1327.0,1327.0,8/20/2016,73980
1328.0,1328.0,1328.0,1328.0,8/21/2016,11373
1329.0,1329.0,1329.0,1329.0,8/22/2016,17618
1330.0,1330.0,1330.0,1330.0,8/23/2016,-27510
1331.0,1331.0,1331.0,1331.0,8/24/2016,-11063
1332.0,1332.0,1332.0,1332.0,8/25/2016,79162
1333.0,1333.0,1333.0,1333.0,8/26/2016,39687
1334.0,1334.0,1334.0,1334.0,8/27/2016,8421
1335.0,1335.0,1335.0,1335.0,8/28/2016,14620
1336.0,1336.0,1336.0,1336.0,8/29/2016,58231
1337.0,1337.0,1337.0,1337.0,8/30/2016,4164
1338.0,1338.0,1338.0,1338.0,8/31/2016,24066
1339.0,1339.0,1339.0,1339.0,9/1/2016,35061
1340.0,1340.0,1340.0,1340.0,9/2/2016,45434
1341.0,1341.0,1341.0,1341.0,9/3/2016,54670
1342.0,1342.0,1342.0,1342.0,9/4/2016,28611
1343.0,1343.0,1343.0,1343.0,9/5/2016,42252
1344.0,1344.0,1344.0,1344.0,9/6/2016,-21320
1345.0,1345.0,1345.0,1345.0,9/7/2016,4363
1346.0,1346.0,1346.0,1346.0,9/8/2016,19550
1347.0,1347.0,1347.0,1347.0,9/9/2016,59278
1348.0,1348.0,1348.0,1348.0,9/10/2016,76849
1349.0,1349.0,1349.0,1349.0,9/11/2016,4128
1350.0,1350.0,1350.0,1350.0,9/12/2016,75394
1351.0,1351.0,1351.0,1351.0,9/13/2016,14928
1352.0,1352.0,1352.0,1352.0,9/14/2016,30624
1353.0,1353.0,1353.0,1353.0,9/15/2016,-6717
1354.0,1354.0,1354.0,1354.0,9/16/2016,29914
1355.0,1355.0,1355.0,1355.0,9/17/2016,83162
1356.0,1356.0,1356.0,1356.0,9/18/2016,31508
1357.0,1357.0,1357.0,1357.0,9/19/2016,11303
1358.0,1358.0,1358.0,1358.0,9/20/2016,3037
1359.0,1359.0,1359.0,1359.0,9/21/2016,30037
1360.0,1360.0,1360.0,1360.0,9/22/2016,42255
1361.0,1361.0,1361.0,1361.0,9/23/2016,70358
1362.0,1362.0,1362.0,1362.0,9/24/2016,19726
1363.0,1363.0,1363.0,1363.0,9/25/2016,37183
1364.0,1364.0,1364.0,1364.0,9/26/2016,64503
1365.0,1365.0,1365.0,1365.0,9/27/2016,17120
1366.0,1366.0,1366.0,1366.0,9/28/2016,-14845
1367.0,1367.0,1367.0,1367.0,9/29/2016,12969
1368.0,1368.0,1368.0,1368.0,9/30/2016,20869
1369.0,1369.0,1369.0,1369.0,10/1/2016,46350
1370.0,1370.0,1370.0,1370.0,10/2/2016,37378
1371.0,1371.0,1371.0,1371.0,10/3/2016,27686
1372.0,1372.0,1372.0,1372.0,10/4/2016,84126
1373.0,1373.0,1373.0,1373.0,10/5/2016,4185
1374.0,1374.0,1374.0,1374.0,10/6/2016,65092
1375.0,1375.0,1375.0,1375.0,10/7/2016,70808
1376.0,1376.0,1376.0,1376.0,10/8/2016,80263
1377.0,1377.0,1377.0,1377.0,10/9/2016,3551
1378.0,1378.0,1378.0,1378.0,10/10/2016,-13851
1379.0,1379.0,1379.0,1379.0,10/11/2016,54090
1380.0,1380.0,1380.0,1380.0,10/12/2016,11531
1381.0,1381.0,1381.0,1381.0,10/13/2016,44690
1382.0,1382.0,1382.0,1382.0,10/14/2016,-2857
1383.0,1383.0,1383.0,1383.0,10/15/2016,-9798
1384.0,1384.0,1384.0,1384.0,10/16/2016,79131
1385.0,1385.0,1385.0,1385.0,10/17/2016,46232
1386.0,1386.0,1386.0,1386.0,10/18/2016,-26390
1387.0,1387.0,1387.0,1387.0,10/19/2016,79726
1388.0,1388.0,1388.0,1388.0,10/20/2016,79246
1389.0,1389.0,1389.0,1389.0,10/21/2016,51318
1390.0,1390.0,1390.0,1390.0,10/22/2016,78336
1391.0,1391.0,1391.0,1391.0,10/23/2016,54154
1392.0,1392.0,1392.0,1392.0,10/24/2016,67216
1393.0,1393.0,1393.0,1393.0,10/25/2016,58224
1394.0,1394.0,1394.0,1394.0,10/26/2016,82172
1395.0,1395.0,1395.0,1395.0,10/27/2016,10666
1396.0,1396.0,1396.0,1396.0,10/28/2016,-6206
1397.0,1397.0,1397.0,1397.0,10/29/2016,21303
1398.0,1398.0,1398.0,1398.0,10/30/2016,39578
1399.0,1399.0,1399.0,1399.0,10/31/2016,27688
1400.0,1400.0,1400.0,1400.0,11/1/2016,-18244
1401.0,1401.0,1401.0,1401.0,11/2/2016,57500
1402.0,1402.0,1402.0,1402.0,11/3/2016,34740
1403.0,1403.0,1403.0,1403.0,11/4/2016,-16415
1404.0,1404.0,1404.0,1404.0,11/5/2016,-9760
1405.0,1405.0,1405.0,1405.0,11/6/2016,-4740
1406.0,1406.0,1406.0,1406.0,11/7/2016,61904
1407.0,1407.0,1407.0,1407.0,11/8/2016,23781
1408.0,1408.0,1408.0,1408.0,11/9/2016,10057
1409.0,1409.0,1409.0,1409.0,11/10/2016,-8281
1410.0,1410.0,1410.0,1410.0,11/11/2016,2617
1411.0,1411.0,1411.0,1411.0,11/12/2016,40507
1412.0,1412.0,1412.0,1412.0,11/13/2016,61798
1413.0,1413.0,1413.0,1413.0,11/14/2016,59668
1414.0,1414.0,1414.0,1414.0,11/15/2016,-25965
1415.0,1415.0,1415.0,1415.0,11/16/2016,-4989
1416.0,1416.0,1416.0,1416.0,11/17/2016,-11341
1417.0,1417.0,1417.0,1417.0,11/18/2016,82714
1418.0,1418.0,1418.0,1418.0,11/19/2016,68796
1419.0,1419.0,1419.0,1419.0,11/20/2016,26527
1420.0,1420.0,1420.0,1420.0,11/21/2016,49058
1421.0,1421.0,1421.0,1421.0,11/22/2016,-7289
1422.0,1422.0,1422.0,1422.0,11/23/2016,42357
1423.0,1423.0,1423.0,1423.0,11/24/2016,80892
1424.0,1424.0,1424.0,1424.0,11/25/2016,-25126
1425.0,1425.0,1425.0,1425.0,11/26/2016,2427
1426.0,1426.0,1426.0,1426.0,11/27/2016,41971
1427.0,1427.0,1427.0,1427.0,11/28/2016,57800
1428.0,1428.0,1428.0,1428.0,11/29/2016,49111
1429.0,1429.0,1429.0,1429.0,11/30/2016,45361
1430.0,1430.0,1430.0,1430.0,12/1/2016,3113
1431.0,1431.0,1431.0,1431.0,12/2/2016,41472
1432.0,1432.0,1432.0,1432.0,12/3/2016,31488
1433.0,1433.0,1433.0,1433.0,12/4/2016,15371
1434.0,1434.0,1434.0,1434.0,12/5/2016,32618
1435.0,1435.0,1435.0,1435.0,12/6/2016,83990
1436.0,1436.0,1436.0,1436.0,12/7/2016,-26773
1437.0,1437.0,1437.0,1437.0,12/8/2016,4507
1438.0,1438.0,1438.0,1438.0,12/9/2016,-4510
1439.0,1439.0,1439.0,1439.0,12/10/2016,64649
1440.0,1440.0,1440.0,1440.0,12/11/2016,-12573
1441.0,1441.0,1441.0,1441.0,12/12/2016,35350
1442.0,1442.0,1442.0,1442.0,12/13/2016,9189
1443.0,1443.0,1443.0,1443.0,12/14/2016,33620
1444.0,1444.0,1444.0,1444.0,12/15/2016,62129
1445.0,1445.0,1445.0,1445.0,12/16/2016,-25586
1446.0,1446.0,1446.0,1446.0,12/17/2016,74263
1447.0,1447.0,1447.0,1447.0,12/18/2016,-22532
1448.0,1448.0,1448.0,1448.0,12/19/2016,52028
1449.0,1449.0,1449.0,1449.0,12/20/2016,47894
1450.0,1450.0,1450.0,1450.0,12/21/2016,-23615
1451.0,1451.0,1451.0,1451.0,12/22/2016,11828
1452.0,1452.0,1452.0,1452.0,12/23/2016,-15684
1453.0,1453.0,1453.0,1453.0,12/24/2016,8534
1454.0,1454.0,1454.0,1454.0,12/25/2016,24436
1455.0,1455.0,1455.0,1455.0,12/26/2016,-21941
1456.0,1456.0,1456.0,1456.0,12/27/2016,6764
1457.0,1457.0,1457.0,1457.0,12/28/2016,4779
1458.0,1458.0,1458.0,1458.0,12/29/2016,60765
1459.0,1459.0,1459.0,1459.0,12/30/2016,-13100
1460.0,1460.0,1460.0,1460.0,12/31/2016,30294
1461.0,1461.0,1461.0,1461.0,1/1/2017,20005
1462.0,1462.0,1462.0,1462.0,1/2/2017,56144
1463.0,1463.0,1463.0,1463.0,1/3/2017,-23194
1464.0,1464.0,1464.0,1464.0,1/4/2017,34435
1465.0,1465.0,1465.0,1465.0,1/5/2017,49124
1466.0,1466.0,1466.0,1466.0,1/6/2017,1757
1467.0,1467.0,1467.0,1467.0,1/7/2017,74981
1468.0,1468.0,1468.0,1468.0,1/8/2017,39965
1469.0,1469.0,1469.0,1469.0,1/9/2017,53167
1470.0,1470.0,1470.0,1470.0,1/10/2017,-9943
1471.0,1471.0,1471.0,1471.0,1/11/2017,65476
1472.0,1472.0,1472.0,1472.0,1/12/2017,-971
1473.0,1473.0,1473.0,1473.0,1/13/2017,60484
1474.0,1474.0,1474.0,1474.0,1/14/2017,14660
1475.0,1475.0,1475.0,1475.0,1/15/2017,56062
1476.0,1476.0,1476.0,1476.0,1/16/2017,-15962
1477.0,1477.0,1477.0,1477.0,1/17/2017,28705
1478.0,1478.0,1478.0,1478.0,1/18/2017,66056
1479.0,1479.0,1479.0,1479.0,1/19/2017,-22307
1480.0,1480.0,1480.0,1480.0,1/20/2017,80572
1481.0,1481.0,1481.0,1481.0,1/21/2017,-14562
1482.0,1482.0,1482.0,1482.0,1/22/2017,-28683
1483.0,1483.0,1483.0,1483.0,1/23/2017,68427
1484.0,1484.0,1484.0,1484.0,1/24/2017,47756
1485.0,1485.0,1485.0,1485.0,1/25/2017,-2854
1486.0,1486.0,1486.0,1486.0,1/26/2017,39801
1487.0,1487.0,1487.0,1487.0,1/27/2017,18310
1488.0,1488.0,1488.0,1488.0,1/28/2017,-26905
1489.0,1489.0,1489.0,1489.0,1/29/2017,49913
1490.0,1490.0,1490.0,1490.0,1/30/2017,58031
1491.0,1491.0,1491.0,1491.0,1/31/2017,4471
1492.0,1492.0,1492.0,1492.0,2/1/2017,29758
1493.0,1493.0,1493.0,1493.0,2/2/2017,-26666
1494.0,1494.0,1494.0,1494.0,2/3/2017,-898
1495.0,1495.0,1495.0,1495.0,2/4/2017,13624
1496.0,1496.0,1496.0,1496.0,2/5/2017,84620
1497.0,1497.0,1497.0,1497.0,2/6/2017,55489
1498.0,1498.0,1498.0,1498.0,2/7/2017,52443
1499.0,1499.0,1499.0,1499.0,2/8/2017,-9422
1500.0,1500.0,1500.0,1500.0,2/9/2017,19271
1501.0,1501.0,1501.0,1501.0,2/10/2017,33888
1502.0,1502.0,1502.0,1502.0,2/11/2017,-25972
1503.0,1503.0,1503.0,1503.0,2/12/2017,82105
1504.0,1504.0,1504.0,1504.0,2/13/2017,-8556
1505.0,1505.0,1505.0,1505.0,2/14/2017,23227
1506.0,1506.0,1506.0,1506.0,2/15/2017,-4196
1507.0,1507.0,1507.0,1507.0,2/16/2017,-25483
1508.0,1508.0,1508.0,1508.0,2/17/2017,69774
1509.0,1509.0,1509.0,1509.0,2/18/2017,83379
1510.0,1510.0,1510.0,1510.0,2/19/2017,-10717
1511.0,1511.0,1511.0,1511.0,2/20/2017,-25319
1512.0,1512.0,1512.0,1512.0,2/21/2017,-6116
1513.0,1513.0,1513.0,1513.0,2/22/2017,70743
1514.0,1514.0,1514.0,1514.0,2/23/2017,-8056
1515.0,1515.0,1515.0,1515.0,2/24/2017,11977
1516.0,1516.0,1516.0,1516.0,2/25/2017,4263
1517.0,1517.0,1517.0,1517.0,2/26/2017,81797
1518.0,1518.0,1518.0,1518.0,2/27/2017,63970
1519.0,1519.0,1519.0,1519.0,2/28/2017,21204
1520.0,1520.0,1520.0,1520.0,3/1/2017,17727
1521.0,1521.0,1521.0,1521.0,3/2/2017,-5503
1522.0,1522.0,1522.0,1522.0,3/3/2017,-26403
1523.0,1523.0,1523.0,1523.0,3/4/2017,43595
1524.0,1524.0,1524.0,1524.0,3/5/2017,21750
1525.0,1525.0,1525.0,1525.0,3/6/2017,11294
1526.0,1526.0,1526.0,1526.0,3/7/2017,4319
1527.0,1527.0,1527.0,1527.0,3/8/2017,19863
1528.0,1528.0,1528.0,1528.0,3/9/2017,43195
1529.0,1529.0,1529.0,1529.0,3/10/2017,9290
1530.0,1530.0,1530.0,1530.0,3/11/2017,-16397
1531.0,1531.0,1531.0,1531.0,3/12/2017,-28676
1532.0,1532.0,1532.0,1532.0,3/13/2017,57284
1533.0,1533.0,1533.0,1533.0,3/14/2017,29508
1534.0,1534.0,1534.0,1534.0,3/15/2017,34108
1535.0,1535.0,1535.0,1535.0,3/16/2017,24307
1536.0,1536.0,1536.0,1536.0,3/17/2017,40682
1537.0,1537.0,1537.0,1537.0,3/18/2017,61924
1538.0,1538.0,1538.0,1538.0,3/19/2017,38283
1539.0,1539.0,1539.0,1539.0,3/20/2017,54835
1540.0,1540.0,1540.0,1540.0,3/21/2017,11453
1541.0,1541.0,1541.0,1541.0,3/22/2017,-10503
1542.0,1542.0,1542.0,1542.0,3/23/2017,71361
1543.0,1543.0,1543.0,1543.0,3/24/2017,70943
1544.0,1544.0,1544.0,1544.0,3/25/2017,-2374
1545.0,1545.0,1545.0,1545.0,3/26/2017,67464
1546.0,1546.0,1546.0,1546.0,3/27/2017,-24603
1547.0,1547.0,1547.0,1547.0,3/28/2017,-16539
1548.0,1548.0,1548.0,1548.0,3/29/2017,-17272
1549.0,1549.0,1549.0,1549.0,3/30/2017,5064
1550.0,1550.0,1550.0,1550.0,3/31/2017,84126
1551.0,1551.0,1551.0,1551.0,4/1/2017,83289
1552.0,1552.0,1552.0,1552.0,4/2/2017,27025
1553.0,1553.0,1553.0,1553.0,4/3/2017,29745
1554.0,1554.0,1554.0,1554.0,4/4/2017,44263
1555.0,1555.0,1555.0,1555.0,4/5/2017,9607
1556.0,1556.0,1556.0,1556.0,4/6/2017,-28493
1557.0,1557.0,1557.0,1557.0,4/7/2017,-8822
1558.0,1558.0,1558.0,1558.0,4/8/2017,-24620
1559.0,1559.0,1559.0,1559.0,4/9/2017,-2986
1560.0,1560.0,1560.0,1560.0,4/10/2017,37038
1561.0,1561.0,1561.0,1561.0,4/11/2017,52070
1562.0,1562.0,1562.0,1562.0,4/12/2017,2879
1563.0,1563.0,1563.0,1563.0,4/13/2017,56314
1564.0,1564.0,1564.0,1564.0,4/14/2017,72412
1565.0,1565.0,1565.0,1565.0,4/15/2017,32670
1566.0,1566.0,1566.0,1566.0,4/16/2017,10508
1567.0,1567.0,1567.0,1567.0,4/17/2017,-1057
1568.0,1568.0,1568.0,1568.0,4/18/2017,22191
1569.0,1569.0,1569.0,1569.0,4/19/2017,83888
1570.0,1570.0,1570.0,1570.0,4/20/2017,41212
1571.0,1571.0,1571.0,1571.0,4/21/2017,72170
1572.0,1572.0,1572.0,1572.0,4/22/2017,14587
1573.0,1573.0,1573.0,1573.0,4/23/2017,10144
1574.0,1574.0,1574.0,1574.0,4/24/2017,-23605
1575.0,1575.0,1575.0,1575.0,4/25/2017,72914
1576.0,1576.0,1576.0,1576.0,4/26/2017,-12516
1577.0,1577.0,1577.0,1577.0,4/27/2017,6428
1578.0,1578.0,1578.0,1578.0,4/28/2017,40989
1579.0,1579.0,1579.0,1579.0,4/29/2017,64570
1580.0,1580.0,1580.0,1580.0,4/30/2017,33236
1581.0,1581.0,1581.0,1581.0,5/1/2017,28590
1582.0,1582.0,1582.0,1582.0,5/2/2017,61770
1583.0,1583.0,1583.0,1583.0,5/3/2017,-14952
1584.0,1584.0,1584.0,1584.0,5/4/2017,84596
1585.0,1585.0,1585.0,1585.0,5/5/2017,22129
1586.0,1586.0,1586.0,1586.0,5/6/2017,12474
1587.0,1587.0,1587.0,1587.0,5/7/2017,48576
1588.0,1588.0,1588.0,1588.0,5/8/2017,56624
1589.0,1589.0,1589.0,1589.0,5/9/2017,54788
1590.0,1590.0,1590.0,1590.0,5/10/2017,23410
1591.0,1591.0,1591.0,1591.0,5/11/2017,38084
1592.0,1592.0,1592.0,1592.0,5/12/2017,69715
1593.0,1593.0,1593.0,1593.0,5/13/2017,9315
1594.0,1594.0,1594.0,1594.0,5/14/2017,-3024
1595.0,1595.0,1595.0,1595.0,5/15/2017,4291
1596.0,1596.0,1596.0,1596.0,5/16/2017,18592
1597.0,1597.0,1597.0,1597.0,5/17/2017,42123
1598.0,1598.0,1598.0,1598.0,5/18/2017,-29066
1599.0,1599.0,1599.0,1599.0,5/19/2017,42929
1600.0,1600.0,1600.0,1600.0,5/20/2017,20991
1601.0,1601.0,1601.0,1601.0,5/21/2017,12037
1602.0,1602.0,1602.0,1602.0,5/22/2017,12592
1603.0,1603.0,1603.0,1603.0,5/23/2017,39636
1604.0,1604.0,1604.0,1604.0,5/24/2017,29015
1605.0,1605.0,1605.0,1605.0,5/25/2017,-10690
1606.0,1606.0,1606.0,1606.0,5/26/2017,-21955
1607.0,1607.0,1607.0,1607.0,5/27/2017,80995
1608.0,1608.0,1608.0,1608.0,5/28/2017,75683
1609.0,1609.0,1609.0,1609.0,5/29/2017,77988
1610.0,1610.0,1610.0,1610.0,5/30/2017,67888
1611.0,1611.0,1611.0,1611.0,5/31/2017,63417
1612.0,1612.0,1612.0,1612.0,6/1/2017,54556
1613.0,1613.0,1613.0,1613.0,6/2/2017,17808
1614.0,1614.0,1614.0,1614.0,6/3/2017,-8634
1615.0,1615.0,1615.0,1615.0,6/4/2017,-14133
1616.0,1616.0,1616.0,1616.0,6/5/2017,11762
1617.0,1617.0,1617.0,1617.0,6/6/2017,23506
1618.0,1618.0,1618.0,1618.0,6/7/2017,-15532
1619.0,1619.0,1619.0,1619.0,6/8/2017,66507
1620.0,1620.0,1620.0,1620.0,6/9/2017,78403
1621.0,1621.0,1621.0,1621.0,6/10/2017,-13596
1622.0,1622.0,1622.0,1622.0,6/11/2017,33733
1623.0,1623.0,1623.0,1623.0,6/12/2017,-1483
1624.0,1624.0,1624.0,1624.0,6/13/2017,3015
1625.0,1625.0,1625.0,1625.0,6/14/2017,-6335
1626.0,1626.0,1626.0,1626.0,6/15/2017,-29255
1627.0,1627.0,1627.0,1627.0,6/16/2017,57081
1628.0,1628.0,1628.0,1628.0,6/17/2017,53227
1629.0,1629.0,1629.0,1629.0,6/18/2017,11276
1630.0,1630.0,1630.0,1630.0,6/19/2017,73259
1631.0,1631.0,1631.0,1631.0,6/20/2017,38682
1632.0,1632.0,1632.0,1632.0,6/21/2017,17925
1633.0,1633.0,1633.0,1633.0,6/22/2017,80667
1634.0,1634.0,1634.0,1634.0,6/23/2017,-10846
1635.0,1635.0,1635.0,1635.0,6/24/2017,20819
1636.0,1636.0,1636.0,1636.0,6/25/2017,3997
1637.0,1637.0,1637.0,1637.0,6/26/2017,-25804
1638.0,1638.0,1638.0,1638.0,6/27/2017,-17406
1639.0,1639.0,1639.0,1639.0,6/28/2017,-23187
1640.0,1640.0,1640.0,1640.0,6/29/2017,64974
1641.0,1641.0,1641.0,1641.0,6/30/2017,-10702
1642.0,1642.0,1642.0,1642.0,7/1/2017,59617
1643.0,1643.0,1643.0,1643.0,7/2/2017,50603
1644.0,1644.0,1644.0,1644.0,7/3/2017,2983
1645.0,1645.0,1645.0,1645.0,7/4/2017,66301
1646.0,1646.0,1646.0,1646.0,7/5/2017,-3690
1647.0,1647.0,1647.0,1647.0,7/6/2017,55491
1648.0,1648.0,1648.0,1648.0,7/7/2017,-1380
1649.0,1649.0,1649.0,1649.0,7/8/2017,32955
1650.0,1650.0,1650.0,1650.0,7/9/2017,74317
1651.0,1651.0,1651.0,1651.0,7/10/2017,17062
1652.0,1652.0,1652.0,1652.0,7/11/2017,5102
1653.0,1653.0,1653.0,1653.0,7/12/2017,51523
1654.0,1654.0,1654.0,1654.0,7/13/2017,27819
1655.0,1655.0,1655.0,1655.0,7/14/2017,84730
1656.0,1656.0,1656.0,1656.0,7/15/2017,24787
1657.0,1657.0,1657.0,1657.0,7/16/2017,39011
1658.0,1658.0,1658.0,1658.0,7/17/2017,42315
1659.0,1659.0,1659.0,1659.0,7/18/2017,-18596
1660.0,1660.0,1660.0,1660.0,7/19/2017,64822
1661.0,1661.0,1661.0,1661.0,7/20/2017,-29705
1662.0,1662.0,1662.0,1662.0,7/21/2017,12178
1663.0,1663.0,1663.0,1663.0,7/22/2017,31490
1664.0,1664.0,1664.0,1664.0,7/23/2017,33170
1665.0,1665.0,1665.0,1665.0,7/24/2017,48597
1666.0,1666.0,1666.0,1666.0,7/25/2017,52492
1667.0,1667.0,1667.0,1667.0,7/26/2017,-14315
1668.0,1668.0,1668.0,1668.0,7/27/2017,-23220
1669.0,1669.0,1669.0,1669.0,7/28/2017,24436
1670.0,1670.0,1670.0,1670.0,7/29/2017,-18281
1671.0,1671.0,1671.0,1671.0,7/30/2017,-23980
1672.0,1672.0,1672.0,1672.0,7/31/2017,63618
1673.0,1673.0,1673.0,1673.0,8/1/2017,-20400
1674.0,1674.0,1674.0,1674.0,8/2/2017,24325
1675.0,1675.0,1675.0,1675.0,8/3/2017,28605
1676.0,1676.0,1676.0,1676.0,8/4/2017,80623
1677.0,1677.0,1677.0,1677.0,8/5/2017,45584
1678.0,1678.0,1678.0,1678.0,8/6/2017,49024
1679.0,1679.0,1679.0,1679.0,8/7/2017,-20837
1680.0,1680.0,1680.0,1680.0,8/8/2017,46260
1681.0,1681.0,1681.0,1681.0,8/9/2017,7158
1682.0,1682.0,1682.0,1682.0,8/10/2017,22724
1683.0,1683.0,1683.0,1683.0,8/11/2017,30263
1684.0,1684.0,1684.0,1684.0,8/12/2017,-20753
1685.0,1685.0,1685.0,1685.0,8/13/2017,60056
1686.0,1686.0,1686.0,1686.0,8/14/2017,74902
1687.0,1687.0,1687.0,1687.0,8/15/2017,1007
1688.0,1688.0,1688.0,1688.0,8/16/2017,52611
1689.0,1689.0,1689.0,1689.0,8/17/2017,-14450
1690.0,1690.0,1690.0,1690.0,8/18/2017,22295
1691.0,1691.0,1691.0,1691.0,8/19/2017,10787
1692.0,1692.0,1692.0,1692.0,8/20/2017,20368
1693.0,1693.0,1693.0,1693.0,8/21/2017,40422
1694.0,1694.0,1694.0,1694.0,8/22/2017,40695
1695.0,1695.0,1695.0,1695.0,8/23/2017,-15492
1696.0,1696.0,1696.0,1696.0,8/24/2017,32192
1697.0,1697.0,1697.0,1697.0,8/25/2017,16668
1698.0,1698.0,1698.0,1698.0,8/26/2017,35673
1699.0,1699.0,1699.0,1699.0,8/27/2017,23777
1700.0,1700.0,1700.0,1700.0,8/28/2017,13972
1701.0,1701.0,1701.0,1701.0,8/29/2017,62410
1702.0,1702.0,1702.0,1702.0,8/30/2017,-596
1703.0,1703.0,1703.0,1703.0,8/31/2017,66813
1704.0,1704.0,1704.0,1704.0,9/1/2017,38260
1705.0,1705.0,1705.0,1705.0,9/2/2017,-24372
1706.0,1706.0,1706.0,1706.0,9/3/2017,-6818
1707.0,1707.0,1707.0,1707.0,9/4/2017,10371
1708.0,1708.0,1708.0,1708.0,9/5/2017,22421
1709.0,1709.0,1709.0,1709.0,9/6/2017,29445
1710.0,1710.0,1710.0,1710.0,9/7/2017,43196
1711.0,1711.0,1711.0,1711.0,9/8/2017,-3423
1712.0,1712.0,1712.0,1712.0,9/9/2017,70814
1713.0,1713.0,1713.0,1713.0,9/10/2017,71474
1714.0,1714.0,1714.0,1714.0,9/11/2017,-9463
1715.0,1715.0,1715.0,1715.0,9/12/2017,-9818
1716.0,1716.0,1716.0,1716.0,9/13/2017,41935
1717.0,1717.0,1717.0,1717.0,9/14/2017,-22852
1718.0,1718.0,1718.0,1718.0,9/15/2017,34328
1719.0,1719.0,1719.0,1719.0,9/16/2017,22736
1720.0,1720.0,1720.0,1720.0,9/17/2017,60444
1721.0,1721.0,1721.0,1721.0,9/18/2017,60867
1722.0,1722.0,1722.0,1722.0,9/19/2017,6813
1723.0,1723.0,1723.0,1723.0,9/20/2017,9253
1724.0,1724.0,1724.0,1724.0,9/21/2017,-18729
1725.0,1725.0,1725.0,1725.0,9/22/2017,81222
1726.0,1726.0,1726.0,1726.0,9/23/2017,-29573
1727.0,1727.0,1727.0,1727.0,9/24/2017,-27164
1728.0,1728.0,1728.0,1728.0,9/25/2017,9796
1729.0,1729.0,1729.0,1729.0,9/26/2017,33343
1730.0,1730.0,1730.0,1730.0,9/27/2017,-7169
1731.0,1731.0,1731.0,1731.0,9/28/2017,-14330
1732.0,1732.0,1732.0,1732.0,9/29/2017,29125
1733.0,1733.0,1733.0,1733.0,9/30/2017,61415
1734.0,1734.0,1734.0,1734.0,10/1/2017,-2291
1735.0,1735.0,1735.0,1735.0,10/2/2017,35487
1736.0,1736.0,1736.0,1736.0,10/3/2017,61677
1737.0,1737.0,1737.0,1737.0,10/4/2017,-26927
1738.0,1738.0,1738.0,1738.0,10/5/2017,21333
1739.0,1739.0,1739.0,1739.0,10/6/2017,53550
1740.0,1740.0,1740.0,1740.0,10/7/2017,19293
1741.0,1741.0,1741.0,1741.0,10/8/2017,15245
1742.0,1742.0,1742.0,1742.0,10/9/2017,-12581
1743.0,1743.0,1743.0,1743.0,10/10/2017,1471
1744.0,1744.0,1744.0,1744.0,10/11/2017,23250
1745.0,1745.0,1745.0,1745.0,10/12/2017,3655
1746.0,1746.0,1746.0,1746.0,10/13/2017,26921
1747.0,1747.0,1747.0,1747.0,10/14/2017,83399
1748.0,1748.0,1748.0,1748.0,10/15/2017,59880
1749.0,1749.0,1749.0,1749.0,10/16/2017,75151
1750.0,1750.0,1750.0,1750.0,10/17/2017,35452
1751.0,1751.0,1751.0,1751.0,10/18/2017,-23526
1752.0,1752.0,1752.0,1752.0,10/19/2017,12794
1753.0,1753.0,1753.0,1753.0,10/20/2017,27184
1754.0,1754.0,1754.0,1754.0,10/21/2017,53890
1755.0,1755.0,1755.0,1755.0,10/22/2017,-13785
1756.0,1756.0,1756.0,1756.0,10/23/2017,-23797
1757.0,1757.0,1757.0,1757.0,10/24/2017,26319
1758.0,1758.0,1758.0,1758.0,10/25/2017,41276
1759.0,1759.0,1759.0,1759.0,10/26/2017,47443
1760.0,1760.0,1760.0,1760.0,10/27/2017,78925
1761.0,1761.0,1761.0,1761.0,10/28/2017,32904
1762.0,1762.0,1762.0,1762.0,10/29/2017,-10
1763.0,1763.0,1763.0,1763.0,10/30/2017,-25671
1764.0,1764.0,1764.0,1764.0,10/31/2017,21917
1765.0,1765.0,1765.0,1765.0,11/1/2017,69202
1766.0,1766.0,1766.0,1766.0,11/2/2017,-22038
1767.0,1767.0,1767.0,1767.0,11/3/2017,229
1768.0,1768.0,1768.0,1768.0,11/4/2017,35624
1769.0,1769.0,1769.0,1769.0,11/5/2017,-8600
1770.0,1770.0,1770.0,1770.0,11/6/2017,-1713
1771.0,1771.0,1771.0,1771.0,11/7/2017,-2814
1772.0,1772.0,1772.0,1772.0,11/8/2017,36870
1773.0,1773.0,1773.0,1773.0,11/9/2017,73052
1774.0,1774.0,1774.0,1774.0,11/10/2017,49692
1775.0,1775.0,1775.0,1775.0,11/11/2017,39391
1776.0,1776.0,1776.0,1776.0,11/12/2017,1414
1777.0,1777.0,1777.0,1777.0,11/13/2017,-13412
1778.0,1778.0,1778.0,1778.0,11/14/2017,42003
1779.0,1779.0,1779.0,1779.0,11/15/2017,42243
1780.0,1780.0,1780.0,1780.0,11/16/2017,82446
1781.0,1781.0,1781.0,1781.0,11/17/2017,30950
1782.0,1782.0,1782.0,1782.0,11/18/2017,79785
1783.0,1783.0,1783.0,1783.0,11/19/2017,47354
1784.0,1784.0,1784.0,1784.0,11/20/2017,33568
1785.0,1785.0,1785.0,1785.0,11/21/2017,19526
1786.0,1786.0,1786.0,1786.0,11/22/2017,-11893
1787.0,1787.0,1787.0,1787.0,11/23/2017,77882
1788.0,1788.0,1788.0,1788.0,11/24/2017,786
1789.0,1789.0,1789.0,1789.0,11/25/2017,-14407
1790.0,1790.0,1790.0,1790.0,11/26/2017,43813
1791.0,1791.0,1791.0,1791.0,11/27/2017,-13042
1792.0,1792.0,1792.0,1792.0,11/28/2017,5327
1793.0,1793.0,1793.0,1793.0,11/29/2017,79905
1794.0,1794.0,1794.0,1794.0,11/30/2017,82311
1795.0,1795.0,1795.0,1795.0,12/1/2017,34384
1796.0,1796.0,1796.0,1796.0,12/2/2017,15047
1797.0,1797.0,1797.0,1797.0,12/3/2017,-21445
1798.0,1798.0,1798.0,1798.0,12/4/2017,3135
1799.0,1799.0,1799.0,1799.0,12/5/2017,57899
1800.0,1800.0,1800.0,1800.0,12/6/2017,4700
1801.0,1801.0,1801.0,1801.0,12/7/2017,84093
1802.0,1802.0,1802.0,1802.0,12/8/2017,38079
1803.0,1803.0,1803.0,1803.0,12/9/2017,1681
1804.0,1804.0,1804.0,1804.0,12/10/2017,18272
1805.0,1805.0,1805.0,1805.0,12/11/2017,9242
1806.0,1806.0,1806.0,1806.0,12/12/2017,61580
1807.0,1807.0,1807.0,1807.0,12/13/2017,42640
1808.0,1808.0,1808.0,1808.0,12/14/2017,26261
1809.0,1809.0,1809.0,1809.0,12/15/2017,79807
1810.0,1810.0,1810.0,1810.0,12/16/2017,9837
1811.0,1811.0,1811.0,1811.0,12/17/2017,39902
1812.0,1812.0,1812.0,1812.0,12/18/2017,1817
1813.0,1813.0,1813.0,1813.0,12/19/2017,-26886
1814.0,1814.0,1814.0,1814.0,12/20/2017,23168
1815.0,1815.0,1815.0,1815.0,12/21/2017,46623
1816.0,1816.0,1816.0,1816.0,12/22/2017,18098
1817.0,1817.0,1817.0,1817.0,12/23/2017,52932
1818.0,1818.0,1818.0,1818.0,12/24/2017,56813
1819.0,1819.0,1819.0,1819.0,12/25/2017,76461
1820.0,1820.0,1820.0,1820.0,12/26/2017,45388
1821.0,1821.0,1821.0,1821.0,12/27/2017,43958
1822.0,1822.0,1822.0,1822.0,12/28/2017,84354
1823.0,1823.0,1823.0,1823.0,12/29/2017,37990
1824.0,1824.0,1824.0,1824.0,12/30/2017,-22823
1825.0,1825.0,1825.0,1825.0,12/31/2017,17951
1826.0,1826.0,1826.0,1826.0,1/1/2018,53588
1827.0,1827.0,1827.0,1827.0,1/2/2018,70594
1828.0,1828.0,1828.0,1828.0,1/3/2018,23315
1829.0,1829.0,1829.0,1829.0,1/4/2018,10138
1830.0,1830.0,1830.0,1830.0,1/5/2018,73813
1831.0,1831.0,1831.0,1831.0,1/6/2018,61001
1832.0,1832.0,1832.0,1832.0,1/7/2018,5708
1833.0,1833.0,1833.0,1833.0,1/8/2018,32517
1834.0,1834.0,1834.0,1834.0,1/9/2018,75596
1835.0,1835.0,1835.0,1835.0,1/10/2018,53366
1836.0,1836.0,1836.0,1836.0,1/11/2018,60491
1837.0,1837.0,1837.0,1837.0,1/12/2018,54626
1838.0,1838.0,1838.0,1838.0,1/13/2018,-1542
1839.0,1839.0,1839.0,1839.0,1/14/2018,7781
1840.0,1840.0,1840.0,1840.0,1/15/2018,3870
1841.0,1841.0,1841.0,1841.0,1/16/2018,-28940
1842.0,1842.0,1842.0,1842.0,1/17/2018,-10757
1843.0,1843.0,1843.0,1843.0,1/18/2018,56463
1844.0,1844.0,1844.0,1844.0,1/19/2018,-2988
1845.0,1845.0,1845.0,1845.0,1/20/2018,33611
1846.0,1846.0,1846.0,1846.0,1/21/2018,5624
1847.0,1847.0,1847.0,1847.0,1/22/2018,593
1848.0,1848.0,1848.0,1848.0,1/23/2018,38491
1849.0,1849.0,1849.0,1849.0,1/24/2018,-14411
1850.0,1850.0,1850.0,1850.0,1/25/2018,75052
1851.0,1851.0,1851.0,1851.0,1/26/2018,79834
1852.0,1852.0,1852.0,1852.0,1/27/2018,-19186
1853.0,1853.0,1853.0,1853.0,1/28/2018,-3946
1854.0,1854.0,1854.0,1854.0,1/29/2018,7415
1855.0,1855.0,1855.0,1855.0,1/30/2018,59074
1856.0,1856.0,1856.0,1856.0,1/31/2018,34303
1857.0,1857.0,1857.0,1857.0,2/1/2018,-19362
1858.0,1858.0,1858.0,1858.0,2/2/2018,13975
1859.0,1859.0,1859.0,1859.0,2/3/2018,59513
1860.0,1860.0,1860.0,1860.0,2/4/2018,-17001
1861.0,1861.0,1861.0,1861.0,2/5/2018,16334
1862.0,1862.0,1862.0,1862.0,2/6/2018,63757
1863.0,1863.0,1863.0,1863.0,2/7/2018,-28174
1864.0,1864.0,1864.0,1864.0,2/8/2018,20099
1865.0,1865.0,1865.0,1865.0,2/9/2018,-21432
1866.0,1866.0,1866.0,1866.0,2/10/2018,36558
1867.0,1867.0,1867.0,1867.0,2/11/2018,35582
1868.0,1868.0,1868.0,1868.0,2/12/2018,-27084
1869.0,1869.0,1869.0,1869.0,2/13/2018,-4809
1870.0,1870.0,1870.0,1870.0,2/14/2018,-4655
1871.0,1871.0,1871.0,1871.0,2/15/2018,55477
1872.0,1872.0,1872.0,1872.0,2/16/2018,24009
1873.0,1873.0,1873.0,1873.0,2/17/2018,47245
1874.0,1874.0,1874.0,1874.0,2/18/2018,1029
1875.0,1875.0,1875.0,1875.0,2/19/2018,-20724
1876.0,1876.0,1876.0,1876.0,2/20/2018,-24458
1877.0,1877.0,1877.0,1877.0,2/21/2018,-6259
1878.0,1878.0,1878.0,1878.0,2/22/2018,69664
1879.0,1879.0,1879.0,1879.0,2/23/2018,36900
1880.0,1880.0,1880.0,1880.0,2/24/2018,21727
1881.0,1881.0,1881.0,1881.0,2/25/2018,71075
1882.0,1882.0,1882.0,1882.0,2/26/2018,81010
1883.0,1883.0,1883.0,1883.0,2/27/2018,75108
1884.0,1884.0,1884.0,1884.0,2/28/2018,23245
1885.0,1885.0,1885.0,1885.0,3/1/2018,28281
1886.0,1886.0,1886.0,1886.0,3/2/2018,-29693
1887.0,1887.0,1887.0,1887.0,3/3/2018,-8260
1888.0,1888.0,1888.0,1888.0,3/4/2018,16873
1889.0,1889.0,1889.0,1889.0,3/5/2018,57933
1890.0,1890.0,1890.0,1890.0,3/6/2018,15152
1891.0,1891.0,1891.0,1891.0,3/7/2018,-3549
1892.0,1892.0,1892.0,1892.0,3/8/2018,-26480
1893.0,1893.0,1893.0,1893.0,3/9/2018,73091
1894.0,1894.0,1894.0,1894.0,3/10/2018,11198
1895.0,1895.0,1895.0,1895.0,3/11/2018,14534
1896.0,1896.0,1896.0,1896.0,3/12/2018,62609
1897.0,1897.0,1897.0,1897.0,3/13/2018,77190
1898.0,1898.0,1898.0,1898.0,3/14/2018,8875
1899.0,1899.0,1899.0,1899.0,3/15/2018,63143
1900.0,1900.0,1900.0,1900.0,3/16/2018,23912
1901.0,1901.0,1901.0,1901.0,3/17/2018,58050
1902.0,1902.0,1902.0,1902.0,3/18/2018,1580
1903.0,1903.0,1903.0,1903.0,3/19/2018,-1582
1904.0,1904.0,1904.0,1904.0,3/20/2018,60417
1905.0,1905.0,1905.0,1905.0,3/21/2018,39714
1906.0,1906.0,1906.0,1906.0,3/22/2018,30541
1907.0,1907.0,1907.0,1907.0,3/23/2018,-29885
1908.0,1908.0,1908.0,1908.0,3/24/2018,-2077
1909.0,1909.0,1909.0,1909.0,3/25/2018,81331
1910.0,1910.0,1910.0,1910.0,3/26/2018,-5858
1911.0,1911.0,1911.0,1911.0,3/27/2018,87
1912.0,1912.0,1912.0,1912.0,3/28/2018,59401
1913.0,1913.0,1913.0,1913.0,3/29/2018,27743
1914.0,1914.0,1914.0,1914.0,3/30/2018,9732
1915.0,1915.0,1915.0,1915.0,3/31/2018,57479
1916.0,1916.0,1916.0,1916.0,4/1/2018,6767
1917.0,1917.0,1917.0,1917.0,4/2/2018,-6877
1918.0,1918.0,1918.0,1918.0,4/3/2018,-3111
1919.0,1919.0,1919.0,1919.0,4/4/2018,16619
1920.0,1920.0,1920.0,1920.0,4/5/2018,25681
1921.0,1921.0,1921.0,1921.0,4/6/2018,39156
1922.0,1922.0,1922.0,1922.0,4/7/2018,36654
1923.0,1923.0,1923.0,1923.0,4/8/2018,68538
1924.0,1924.0,1924.0,1924.0,4/9/2018,71894
1925.0,1925.0,1925.0,1925.0,4/10/2018,-28360
1926.0,1926.0,1926.0,1926.0,4/11/2018,-20007
1927.0,1927.0,1927.0,1927.0,4/12/2018,77851
1928.0,1928.0,1928.0,1928.0,4/13/2018,79124
1929.0,1929.0,1929.0,1929.0,4/14/2018,-1624
1930.0,1930.0,1930.0,1930.0,4/15/2018,-14700
1931.0,1931.0,1931.0,1931.0,4/16/2018,27729
1932.0,1932.0,1932.0,1932.0,4/17/2018,10226
1933.0,1933.0,1933.0,1933.0,4/18/2018,67608
1934.0,1934.0,1934.0,1934.0,4/19/2018,75071
1935.0,1935.0,1935.0,1935.0,4/20/2018,38596
1936.0,1936.0,1936.0,1936.0,4/21/2018,-17012
1937.0,1937.0,1937.0,1937.0,4/22/2018,79922
1938.0,1938.0,1938.0,1938.0,4/23/2018,46593
1939.0,1939.0,1939.0,1939.0,4/24/2018,25375
1940.0,1940.0,1940.0,1940.0,4/25/2018,62047
1941.0,1941.0,1941.0,1941.0,4/26/2018,81107
1942.0,1942.0,1942.0,1942.0,4/27/2018,1682
1943.0,1943.0,1943.0,1943.0,4/28/2018,-11590
1944.0,1944.0,1944.0,1944.0,4/29/2018,-16582
1945.0,1945.0,1945.0,1945.0,4/30/2018,-13729
1946.0,1946.0,1946.0,1946.0,5/1/2018,80180
1947.0,1947.0,1947.0,1947.0,5/2/2018,22592
1948.0,1948.0,1948.0,1948.0,5/3/2018,83699
1949.0,1949.0,1949.0,1949.0,5/4/2018,59278
1950.0,1950.0,1950.0,1950.0,5/5/2018,-9044
1951.0,1951.0,1951.0,1951.0,5/6/2018,76305
1952.0,1952.0,1952.0,1952.0,5/7/2018,36562
1953.0,1953.0,1953.0,1953.0,5/8/2018,-13593
1954.0,1954.0,1954.0,1954.0,5/9/2018,-7344
1955.0,1955.0,1955.0,1955.0,5/10/2018,-1849
1956.0,1956.0,1956.0,1956.0,5/11/2018,25152
1957.0,1957.0,1957.0,1957.0,5/12/2018,-11249
1958.0,1958.0,1958.0,1958.0,5/13/2018,-15093
1959.0,1959.0,1959.0,1959.0,5/14/2018,60055
1960.0,1960.0,1960.0,1960.0,5/15/2018,-28105
1961.0,1961.0,1961.0,1961.0,5/16/2018,23905
1962.0,1962.0,1962.0,1962.0,5/17/2018,-19375
1963.0,1963.0,1963.0,1963.0,5/18/2018,-1097
1964.0,1964.0,1964.0,1964.0,5/19/2018,-24522
1965.0,1965.0,1965.0,1965.0,5/20/2018,81242
1966.0,1966.0,1966.0,1966.0,5/21/2018,37589
1967.0,1967.0,1967.0,1967.0,5/22/2018,23000
1968.0,1968.0,1968.0,1968.0,5/23/2018,-10107
1969.0,1969.0,1969.0,1969.0,5/24/2018,39712
1970.0,1970.0,1970.0,1970.0,5/25/2018,-19440
1971.0,1971.0,1971.0,1971.0,5/26/2018,26736
1972.0,1972.0,1972.0,1972.0,5/27/2018,70475
1973.0,1973.0,1973.0,1973.0,5/28/2018,2705
1974.0,1974.0,1974.0,1974.0,5/29/2018,13646
1975.0,1975.0,1975.0,1975.0,5/30/2018,25644
1976.0,1976.0,1976.0,1976.0,5/31/2018,18900
1977.0,1977.0,1977.0,1977.0,6/1/2018,66582
1978.0,1978.0,1978.0,1978.0,6/2/2018,904
1979.0,1979.0,1979.0,1979.0,6/3/2018,10849
1980.0,1980.0,1980.0,1980.0,6/4/2018,78498
1981.0,1981.0,1981.0,1981.0,6/5/2018,32608
1982.0,1982.0,1982.0,1982.0,6/6/2018,20432
1983.0,1983.0,1983.0,1983.0,6/7/2018,44364
1984.0,1984.0,1984.0,1984.0,6/8/2018,1916
1985.0,1985.0,1985.0,1985.0,6/9/2018,47515
1986.0,1986.0,1986.0,1986.0,6/10/2018,-9988
1987.0,1987.0,1987.0,1987.0,6/11/2018,73375
1988.0,1988.0,1988.0,1988.0,6/12/2018,77592
1989.0,1989.0,1989.0,1989.0,6/13/2018,72645
1990.0,1990.0,1990.0,1990.0,6/14/2018,62049
1991.0,1991.0,1991.0,1991.0,6/15/2018,36130
1992.0,1992.0,1992.0,1992.0,6/16/2018,-3589
1993.0,1993.0,1993.0,1993.0,6/17/2018,5602
1994.0,1994.0,1994.0,1994.0,6/18/2018,78424
1995.0,1995.0,1995.0,1995.0,6/19/2018,70271
1996.0,1996.0,1996.0,1996.0,6/20/2018,76961
1997.0,1997.0,1997.0,1997.0,6/21/2018,75023
1998.0,1998.0,1998.0,1998.0,6/22/2018,23811
1999.0,1999.0,1999.0,1999.0,6/23/2018,52388
2000.0,2000.0,2000.0,2000.0,6/24/2018,-1267
2001.0,2001.0,2001.0,2001.0,6/25/2018,26882
2002.0,2002.0,2002.0,2002.0,6/26/2018,12128
2003.0,2003.0,2003.0,2003.0,6/27/2018,8057
2004.0,2004.0,2004.0,2004.0,6/28/2018,82939
2005.0,2005.0,2005.0,2005.0,6/29/2018,84839
2006.0,2006.0,2006.0,2006.0,6/30/2018,-7238
2007.0,2007.0,2007.0,2007.0,7/1/2018,55458
2008.0,2008.0,2008.0,2008.0,7/2/2018,58530
2009.0,2009.0,2009.0,2009.0,7/3/2018,37767
2010.0,2010.0,2010.0,2010.0,7/4/2018,9526
2011.0,2011.0,2011.0,2011.0,7/5/2018,16961
2012.0,2012.0,2012.0,2012.0,7/6/2018,-25257
2013.0,2013.0,2013.0,2013.0,7/7/2018,79921
2014.0,2014.0,2014.0,2014.0,7/8/2018,76990
2015.0,2015.0,2015.0,2015.0,7/9/2018,-7716
2016.0,2016.0,2016.0,2016.0,7/10/2018,59538
2017.0,2017.0,2017.0,2017.0,7/11/2018,-8638
2018.0,2018.0,2018.0,2018.0,7/12/2018,15749
2019.0,2019.0,2019.0,2019.0,7/13/2018,-27368
2020.0,2020.0,2020.0,2020.0,7/14/2018,22272
2021.0,2021.0,2021.0,2021.0,7/15/2018,-21338
2022.0,2022.0,2022.0,2022.0,7/16/2018,48595
2023.0,2023.0,2023.0,2023.0,7/17/2018,-1175
2024.0,2024.0,2024.0,2024.0,7/18/2018,-10144
2025.0,2025.0,2025.0,2025.0,7/19/2018,-7012
2026.0,2026.0,2026.0,2026.0,7/20/2018,28692
2027.0,2027.0,2027.0,2027.0,7/21/2018,39322
2028.0,2028.0,2028.0,2028.0,7/22/2018,5527
2029.0,2029.0,2029.0,2029.0,7/23/2018,-29063
2030.0,2030.0,2030.0,2030.0,7/24/2018,-26813
2031.0,2031.0,2031.0,2031.0,7/25/2018,83084
2032.0,2032.0,2032.0,2032.0,7/26/2018,25972
2033.0,2033.0,2033.0,2033.0,7/27/2018,24481
2034.0,2034.0,2034.0,2034.0,7/28/2018,-7553
2035.0,2035.0,2035.0,2035.0,7/29/2018,49445
2036.0,2036.0,2036.0,2036.0,7/30/2018,-8770
2037.0,2037.0,2037.0,2037.0,7/31/2018,78364
2038.0,2038.0,2038.0,2038.0,8/1/2018,52515
2039.0,2039.0,2039.0,2039.0,8/2/2018,-22922
2040.0,2040.0,2040.0,2040.0,8/3/2018,69379
2041.0,2041.0,2041.0,2041.0,8/4/2018,-19255
2042.0,2042.0,2042.0,2042.0,8/5/2018,71874
2043.0,2043.0,2043.0,2043.0,8/6/2018,39220
2044.0,2044.0,2044.0,2044.0,8/7/2018,-11359
2045.0,2045.0,2045.0,2045.0,8/8/2018,2625
2046.0,2046.0,2046.0,2046.0,8/9/2018,-24183
2047.0,2047.0,2047.0,2047.0,8/10/2018,33619
2048.0,2048.0,2048.0,2048.0,8/11/2018,54800
2049.0,2049.0,2049.0,2049.0,8/12/2018,81805
2050.0,2050.0,2050.0,2050.0,8/13/2018,-1481
2051.0,2051.0,2051.0,2051.0,8/14/2018,-589
2052.0,2052.0,2052.0,2052.0,8/15/2018,64707
2053.0,2053.0,2053.0,2053.0,8/16/2018,83918
2054.0,2054.0,2054.0,2054.0,8/17/2018,15414
2055.0,2055.0,2055.0,2055.0,8/18/2018,60461
2056.0,2056.0,2056.0,2056.0,8/19/2018,38693
2057.0,2057.0,2057.0,2057.0,8/20/2018,56073
2058.0,2058.0,2058.0,2058.0,8/21/2018,37795
2059.0,2059.0,2059.0,2059.0,8/22/2018,7688
2060.0,2060.0,2060.0,2060.0,8/23/2018,-2088
2061.0,2061.0,2061.0,2061.0,8/24/2018,35543
2062.0,2062.0,2062.0,2062.0,8/25/2018,-3424
2063.0,2063.0,2063.0,2063.0,8/26/2018,11993
2064.0,2064.0,2064.0,2064.0,8/27/2018,33455
2065.0,2065.0,2065.0,2065.0,8/28/2018,44339
2066.0,2066.0,2066.0,2066.0,8/29/2018,55539
2067.0,2067.0,2067.0,2067.0,8/30/2018,33930
2068.0,2068.0,2068.0,2068.0,8/31/2018,70867
2069.0,2069.0,2069.0,2069.0,9/1/2018,-28358
2070.0,2070.0,2070.0,2070.0,9/2/2018,30833
2071.0,2071.0,2071.0,2071.0,9/3/2018,25569
2072.0,2072.0,2072.0,2072.0,9/4/2018,47769
2073.0,2073.0,2073.0,2073.0,9/5/2018,73064
2074.0,2074.0,2074.0,2074.0,9/6/2018,82317
2075.0,2075.0,2075.0,2075.0,9/7/2018,22325
2076.0,2076.0,2076.0,2076.0,9/8/2018,-24193
2077.0,2077.0,2077.0,2077.0,9/9/2018,-13069
2078.0,2078.0,2078.0,2078.0,9/10/2018,-4444
2079.0,2079.0,2079.0,2079.0,9/11/2018,78296
2080.0,2080.0,2080.0,2080.0,9/12/2018,24029
2081.0,2081.0,2081.0,2081.0,9/13/2018,-4655
2082.0,2082.0,2082.0,2082.0,9/14/2018,70244
2083.0,2083.0,2083.0,2083.0,9/15/2018,-25459
2084.0,2084.0,2084.0,2084.0,9/16/2018,4127
2085.0,2085.0,2085.0,2085.0,9/17/2018,-2304
2086.0,2086.0,2086.0,2086.0,9/18/2018,32182
2087.0,2087.0,2087.0,2087.0,9/19/2018,49955
2088.0,2088.0,2088.0,2088.0,9/20/2018,1790
2089.0,2089.0,2089.0,2089.0,9/21/2018,34561
2090.0,2090.0,2090.0,2090.0,9/22/2018,26086
2091.0,2091.0,2091.0,2091.0,9/23/2018,10538
2092.0,2092.0,2092.0,2092.0,9/24/2018,27969
2093.0,2093.0,2093.0,2093.0,9/25/2018,-27212
2094.0,2094.0,2094.0,2094.0,9/26/2018,69342
2095.0,2095.0,2095.0,2095.0,9/27/2018,80560
2096.0,2096.0,2096.0,2096.0,9/28/2018,-20018
2097.0,2097.0,2097.0,2097.0,9/29/2018,37068
2098.0,2098.0,2098.0,2098.0,9/30/2018,20449
2099.0,2099.0,2099.0,2099.0,10/1/2018,-22285
2100.0,2100.0,2100.0,2100.0,10/2/2018,-20249
2101.0,2101.0,2101.0,2101.0,10/3/2018,25362
2102.0,2102.0,2102.0,2102.0,10/4/2018,28585
2103.0,2103.0,2103.0,2103.0,10/5/2018,23697
2104.0,2104.0,2104.0,2104.0,10/6/2018,42455
2105.0,2105.0,2105.0,2105.0,10/7/2018,5955
2106.0,2106.0,2106.0,2106.0,10/8/2018,48156
2107.0,2107.0,2107.0,2107.0,10/9/2018,56911
2108.0,2108.0,2108.0,2108.0,10/10/2018,12624
2109.0,2109.0,2109.0,2109.0,10/11/2018,-14151
2110.0,2110.0,2110.0,2110.0,10/12/2018,22076
2111.0,2111.0,2111.0,2111.0,10/13/2018,-18680
2112.0,2112.0,2112.0,2112.0,10/14/2018,73657
2113.0,2113.0,2113.0,2113.0,10/15/2018,56040
2114.0,2114.0,2114.0,2114.0,10/16/2018,43536
2115.0,2115.0,2115.0,2115.0,10/17/2018,41567
2116.0,2116.0,2116.0,2116.0,10/18/2018,-7007
2117.0,2117.0,2117.0,2117.0,10/19/2018,83862
2118.0,2118.0,2118.0,2118.0,10/20/2018,13557
2119.0,2119.0,2119.0,2119.0,10/21/2018,28613
2120.0,2120.0,2120.0,2120.0,10/22/2018,296
2121.0,2121.0,2121.0,2121.0,10/23/2018,-25827
2122.0,2122.0,2122.0,2122.0,10/24/2018,-27416
2123.0,2123.0,2123.0,2123.0,10/25/2018,84274
2124.0,2124.0,2124.0,2124.0,10/26/2018,25885
2125.0,2125.0,2125.0,2125.0,10/27/2018,-17959
2126.0,2126.0,2126.0,2126.0,10/28/2018,68601
2127.0,2127.0,2127.0,2127.0,10/29/2018,44638
2128.0,2128.0,2128.0,2128.0,10/30/2018,61095
2129.0,2129.0,2129.0,2129.0,10/31/2018,-24019
2130.0,2130.0,2130.0,2130.0,11/1/2018,-3760
2131.0,2131.0,2131.0,2131.0,11/2/2018,40276
2132.0,2132.0,2132.0,2132.0,11/3/2018,21927
2133.0,2133.0,2133.0,2133.0,11/4/2018,1635
2134.0,2134.0,2134.0,2134.0,11/5/2018,-2029
2135.0,2135.0,2135.0,2135.0,11/6/2018,3782
2136.0,2136.0,2136.0,2136.0,11/7/2018,8693
2137.0,2137.0,2137.0,2137.0,11/8/2018,34098
2138.0,2138.0,2138.0,2138.0,11/9/2018,69716
2139.0,2139.0,2139.0,2139.0,11/10/2018,18103
2140.0,2140.0,2140.0,2140.0,11/11/2018,29106
2141.0,2141.0,2141.0,2141.0,11/12/2018,-24409
2142.0,2142.0,2142.0,2142.0,11/13/2018,-5749
2143.0,2143.0,2143.0,2143.0,11/14/2018,46024
2144.0,2144.0,2144.0,2144.0,11/15/2018,79885
2145.0,2145.0,2145.0,2145.0,11/16/2018,26608
2146.0,2146.0,2146.0,2146.0,11/17/2018,488
2147.0,2147.0,2147.0,2147.0,11/18/2018,71163
2148.0,2148.0,2148.0,2148.0,11/19/2018,-24345
2149.0,2149.0,2149.0,2149.0,11/20/2018,5602
2150.0,2150.0,2150.0,2150.0,11/21/2018,4023
2151.0,2151.0,2151.0,2151.0,11/22/2018,9768
2152.0,2152.0,2152.0,2152.0,11/23/2018,65981
2153.0,2153.0,2153.0,2153.0,11/24/2018,6418
2154.0,2154.0,2154.0,2154.0,11/25/2018,78817
2155.0,2155.0,2155.0,2155.0,11/26/2018,60135
2156.0,2156.0,2156.0,2156.0,11/27/2018,2752
2157.0,2157.0,2157.0,2157.0,11/28/2018,-17907
2158.0,2158.0,2158.0,2158.0,11/29/2018,51175
2159.0,2159.0,2159.0,2159.0,11/30/2018,2080
2160.0,2160.0,2160.0,2160.0,12/1/2018,21414
2161.0,2161.0,2161.0,2161.0,12/2/2018,53615
2162.0,2162.0,2162.0,2162.0,12/3/2018,-16435
2163.0,2163.0,2163.0,2163.0,12/4/2018,71068
2164.0,2164.0,2164.0,2164.0,12/5/2018,3828
2165.0,2165.0,2165.0,2165.0,12/6/2018,79576
2166.0,2166.0,2166.0,2166.0,12/7/2018,-27492
2167.0,2167.0,2167.0,2167.0,12/8/2018,59950
2168.0,2168.0,2168.0,2168.0,12/9/2018,43198
2169.0,2169.0,2169.0,2169.0,12/10/2018,9646
2170.0,2170.0,2170.0,2170.0,12/11/2018,83196
2171.0,2171.0,2171.0,2171.0,12/12/2018,79135
2172.0,2172.0,2172.0,2172.0,12/13/2018,73300
2173.0,2173.0,2173.0,2173.0,12/14/2018,20234
2174.0,2174.0,2174.0,2174.0,12/15/2018,49228
2175.0,2175.0,2175.0,2175.0,12/16/2018,81434
2176.0,2176.0,2176.0,2176.0,12/17/2018,33292
2177.0,2177.0,2177.0,2177.0,12/18/2018,-17156
2178.0,2178.0,2178.0,2178.0,12/19/2018,-10683
2179.0,2179.0,2179.0,2179.0,12/20/2018,-21439
2180.0,2180.0,2180.0,2180.0,12/21/2018,51318
2181.0,2181.0,2181.0,2181.0,12/22/2018,43069
2182.0,2182.0,2182.0,2182.0,12/23/2018,1931
2183.0,2183.0,2183.0,2183.0,12/24/2018,25667
2184.0,2184.0,2184.0,2184.0,12/25/2018,60933
2185.0,2185.0,2185.0,2185.0,12/26/2018,73402
2186.0,2186.0,2186.0,2186.0,12/27/2018,14705
2187.0,2187.0,2187.0,2187.0,12/28/2018,-26856
2188.0,2188.0,2188.0,2188.0,12/29/2018,37687
2189.0,2189.0,2189.0,2189.0,12/30/2018,-25787
2190.0,2190.0,2190.0,2190.0,12/31/2018,24884
2191.0,2191.0,2191.0,2191.0,1/1/2019,40572
2192.0,2192.0,2192.0,2192.0,1/2/2019,51639
2193.0,2193.0,2193.0,2193.0,1/3/2019,-25860
2194.0,2194.0,2194.0,2194.0,1/4/2019,38095
2195.0,2195.0,2195.0,2195.0,1/5/2019,-24207
2196.0,2196.0,2196.0,2196.0,1/6/2019,30842
2197.0,2197.0,2197.0,2197.0,1/7/2019,-29627
2198.0,2198.0,2198.0,2198.0,1/8/2019,62763
2199.0,2199.0,2199.0,2199.0,1/9/2019,-27214
2200.0,2200.0,2200.0,2200.0,1/10/2019,53808
2201.0,2201.0,2201.0,2201.0,1/11/2019,75019
2202.0,2202.0,2202.0,2202.0,1/12/2019,36340
2203.0,2203.0,2203.0,2203.0,1/13/2019,-24054
2204.0,2204.0,2204.0,2204.0,1/14/2019,73606
2205.0,2205.0,2205.0,2205.0,1/15/2019,70788
2206.0,2206.0,2206.0,2206.0,1/16/2019,-6549
2207.0,2207.0,2207.0,2207.0,1/17/2019,5986
2208.0,2208.0,2208.0,2208.0,1/18/2019,39161
2209.0,2209.0,2209.0,2209.0,1/19/2019,81634
2210.0,2210.0,2210.0,2210.0,1/20/2019,67061
2211.0,2211.0,2211.0,2211.0,1/21/2019,-5245
2212.0,2212.0,2212.0,2212.0,1/22/2019,22083
2213.0,2213.0,2213.0,2213.0,1/23/2019,18184
2214.0,2214.0,2214.0,2214.0,1/24/2019,50722
2215.0,2215.0,2215.0,2215.0,1/25/2019,21046
2216.0,2216.0,2216.0,2216.0,1/26/2019,81832
2217.0,2217.0,2217.0,2217.0,1/27/2019,-2820
2218.0,2218.0,2218.0,2218.0,1/28/2019,-23114
2219.0,2219.0,2219.0,2219.0,1/29/2019,-2042
2220.0,2220.0,2220.0,2220.0,1/30/2019,25020
2221.0,2221.0,2221.0,2221.0,1/31/2019,46932
2222.0,2222.0,2222.0,2222.0,2/1/2019,-4475
2223.0,2223.0,2223.0,2223.0,2/2/2019,4306
2224.0,2224.0,2224.0,2224.0,2/3/2019,28437
2225.0,2225.0,2225.0,2225.0,2/4/2019,70493
2226.0,2226.0,2226.0,2226.0,2/5/2019,14829
2227.0,2227.0,2227.0,2227.0,2/6/2019,59271
2228.0,2228.0,2228.0,2228.0,2/7/2019,53906
2229.0,2229.0,2229.0,2229.0,2/8/2019,-12620
2230.0,2230.0,2230.0,2230.0,2/9/2019,61959
2231.0,2231.0,2231.0,2231.0,2/10/2019,29978
2232.0,2232.0,2232.0,2232.0,2/11/2019,-17112
2233.0,2233.0,2233.0,2233.0,2/12/2019,2284
2234.0,2234.0,2234.0,2234.0,2/13/2019,80255
2235.0,2235.0,2235.0,2235.0,2/14/2019,18528
2236.0,2236.0,2236.0,2236.0,2/15/2019,45408
2237.0,2237.0,2237.0,2237.0,2/16/2019,12900
2238.0,2238.0,2238.0,2238.0,2/17/2019,24021
2239.0,2239.0,2239.0,2239.0,2/18/2019,19892
2240.0,2240.0,2240.0,2240.0,2/19/2019,-24537
2241.0,2241.0,2241.0,2241.0,2/20/2019,-14007
2242.0,2242.0,2242.0,2242.0,2/21/2019,45138
2243.0,2243.0,2243.0,2243.0,2/22/2019,-14236
2244.0,2244.0,2244.0,2244.0,2/23/2019,47153
2245.0,2245.0,2245.0,2245.0,2/24/2019,37061
2246.0,2246.0,2246.0,2246.0,2/25/2019,34705
2247.0,2247.0,2247.0,2247.0,2/26/2019,-19996
2248.0,2248.0,2248.0,2248.0,2/27/2019,84669
2249.0,2249.0,2249.0,2249.0,2/28/2019,72975
2250.0,2250.0,2250.0,2250.0,3/1/2019,50328
2251.0,2251.0,2251.0,2251.0,3/2/2019,-1664
2252.0,2252.0,2252.0,2252.0,3/3/2019,67980
2253.0,2253.0,2253.0,2253.0,3/4/2019,75999
2254.0,2254.0,2254.0,2254.0,3/5/2019,45914
2255.0,2255.0,2255.0,2255.0,3/6/2019,-20601
2256.0,2256.0,2256.0,2256.0,3/7/2019,-819
2257.0,2257.0,2257.0,2257.0,3/8/2019,54734
2258.0,2258.0,2258.0,2258.0,3/9/2019,6962
2259.0,2259.0,2259.0,2259.0,3/10/2019,84082
2260.0,2260.0,2260.0,2260.0,3/11/2019,48380
2261.0,2261.0,2261.0,2261.0,3/12/2019,40561
2262.0,2262.0,2262.0,2262.0,3/13/2019,39251
2263.0,2263.0,2263.0,2263.0,3/14/2019,77691
2264.0,2264.0,2264.0,2264.0,3/15/2019,57806
2265.0,2265.0,2265.0,2265.0,3/16/2019,68256
2266.0,2266.0,2266.0,2266.0,3/17/2019,48408
2267.0,2267.0,2267.0,2267.0,3/18/2019,-20198
2268.0,2268.0,2268.0,2268.0,3/19/2019,62440
2269.0,2269.0,2269.0,2269.0,3/20/2019,50371
2270.0,2270.0,2270.0,2270.0,3/21/2019,13106
2271.0,2271.0,2271.0,2271.0,3/22/2019,6586
2272.0,2272.0,2272.0,2272.0,3/23/2019,42935
2273.0,2273.0,2273.0,2273.0,3/24/2019,-20754
2274.0,2274.0,2274.0,2274.0,3/25/2019,47611
2275.0,2275.0,2275.0,2275.0,3/26/2019,47046
2276.0,2276.0,2276.0,2276.0,3/27/2019,11271
2277.0,2277.0,2277.0,2277.0,3/28/2019,41420
2278.0,2278.0,2278.0,2278.0,3/29/2019,56433
2279.0,2279.0,2279.0,2279.0,3/30/2019,-19003
2280.0,2280.0,2280.0,2280.0,3/31/2019,72689
2281.0,2281.0,2281.0,2281.0,4/1/2019,49219
2282.0,2282.0,2282.0,2282.0,4/2/2019,44008
2283.0,2283.0,2283.0,2283.0,4/3/2019,49383
2284.0,2284.0,2284.0,2284.0,4/4/2019,79884
2285.0,2285.0,2285.0,2285.0,4/5/2019,44647
2286.0,2286.0,2286.0,2286.0,4/6/2019,45574
2287.0,2287.0,2287.0,2287.0,4/7/2019,1814
2288.0,2288.0,2288.0,2288.0,4/8/2019,-2502
2289.0,2289.0,2289.0,2289.0,4/9/2019,-19941
2290.0,2290.0,2290.0,2290.0,4/10/2019,4147
2291.0,2291.0,2291.0,2291.0,4/11/2019,51146
2292.0,2292.0,2292.0,2292.0,4/12/2019,-20277
2293.0,2293.0,2293.0,2293.0,4/13/2019,-27859
2294.0,2294.0,2294.0,2294.0,4/14/2019,15226
2295.0,2295.0,2295.0,2295.0,4/15/2019,34774
2296.0,2296.0,2296.0,2296.0,4/16/2019,17112
2297.0,2297.0,2297.0,2297.0,4/17/2019,65297
2298.0,2298.0,2298.0,2298.0,4/18/2019,13601
2299.0,2299.0,2299.0,2299.0,4/19/2019,64099
2300.0,2300.0,2300.0,2300.0,4/20/2019,10728
2301.0,2301.0,2301.0,2301.0,4/21/2019,-29908
2302.0,2302.0,2302.0,2302.0,4/22/2019,28078
2303.0,2303.0,2303.0,2303.0,4/23/2019,18219
2304.0,2304.0,2304.0,2304.0,4/24/2019,38669
2305.0,2305.0,2305.0,2305.0,4/25/2019,6625
2306.0,2306.0,2306.0,2306.0,4/26/2019,-1148
2307.0,2307.0,2307.0,2307.0,4/27/2019,60111
2308.0,2308.0,2308.0,2308.0,4/28/2019,48336
2309.0,2309.0,2309.0,2309.0,4/29/2019,82119
2310.0,2310.0,2310.0,2310.0,4/30/2019,26213
2311.0,2311.0,2311.0,2311.0,5/1/2019,76988
2312.0,2312.0,2312.0,2312.0,5/2/2019,19022
2313.0,2313.0,2313.0,2313.0,5/3/2019,31500
2314.0,2314.0,2314.0,2314.0,5/4/2019,9348
2315.0,2315.0,2315.0,2315.0,5/5/2019,61539
2316.0,2316.0,2316.0,2316.0,5/6/2019,1429
2317.0,2317.0,2317.0,2317.0,5/7/2019,-4850
2318.0,2318.0,2318.0,2318.0,5/8/2019,-1642
2319.0,2319.0,2319.0,2319.0,5/9/2019,-7635
2320.0,2320.0,2320.0,2320.0,5/10/2019,18978
2321.0,2321.0,2321.0,2321.0,5/11/2019,8409
2322.0,2322.0,2322.0,2322.0,5/12/2019,-19685
2323.0,2323.0,2323.0,2323.0,5/13/2019,64976
2324.0,2324.0,2324.0,2324.0,5/14/2019,-6458
2325.0,2325.0,2325.0,2325.0,5/15/2019,28908
2326.0,2326.0,2326.0,2326.0,5/16/2019,-5406
2327.0,2327.0,2327.0,2327.0,5/17/2019,-11736
2328.0,2328.0,2328.0,2328.0,5/18/2019,11807
2329.0,2329.0,2329.0,2329.0,5/19/2019,17478
2330.0,2330.0,2330.0,2330.0,5/20/2019,54796
2331.0,2331.0,2331.0,2331.0,5/21/2019,19873
2332.0,2332.0,2332.0,2332.0,5/22/2019,34799
2333.0,2333.0,2333.0,2333.0,5/23/2019,69277
2334.0,2334.0,2334.0,2334.0,5/24/2019,15954
2335.0,2335.0,2335.0,2335.0,5/25/2019,83449
2336.0,2336.0,2336.0,2336.0,5/26/2019,-13253
2337.0,2337.0,2337.0,2337.0,5/27/2019,-17756
2338.0,2338.0,2338.0,2338.0,5/28/2019,67778
2339.0,2339.0,2339.0,2339.0,5/29/2019,62714
2340.0,2340.0,2340.0,2340.0,5/30/2019,61422
2341.0,2341.0,2341.0,2341.0,5/31/2019,-27612
2342.0,2342.0,2342.0,2342.0,6/1/2019,28672
2343.0,2343.0,2343.0,2343.0,6/2/2019,58605
2344.0,2344.0,2344.0,2344.0,6/3/2019,18852
2345.0,2345.0,2345.0,2345.0,6/4/2019,55899
2346.0,2346.0,2346.0,2346.0,6/5/2019,-4113
2347.0,2347.0,2347.0,2347.0,6/6/2019,16461
2348.0,2348.0,2348.0,2348.0,6/7/2019,57639
2349.0,2349.0,2349.0,2349.0,6/8/2019,58763
2350.0,2350.0,2350.0,2350.0,6/9/2019,70926
2351.0,2351.0,2351.0,2351.0,6/10/2019,-13771
2352.0,2352.0,2352.0,2352.0,6/11/2019,-11980
2353.0,2353.0,2353.0,2353.0,6/12/2019,41389
2354.0,2354.0,2354.0,2354.0,6/13/2019,44709
2355.0,2355.0,2355.0,2355.0,6/14/2019,10599
2356.0,2356.0,2356.0,2356.0,6/15/2019,-524
2357.0,2357.0,2357.0,2357.0,6/16/2019,-494
2358.0,2358.0,2358.0,2358.0,6/17/2019,33926
2359.0,2359.0,2359.0,2359.0,6/18/2019,12004
2360.0,2360.0,2360.0,2360.0,6/19/2019,15003
2361.0,2361.0,2361.0,2361.0,6/20/2019,37417
2362.0,2362.0,2362.0,2362.0,6/21/2019,-25303
2363.0,2363.0,2363.0,2363.0,6/22/2019,-17226
2364.0,2364.0,2364.0,2364.0,6/23/2019,56477
2365.0,2365.0,2365.0,2365.0,6/24/2019,32762
2366.0,2366.0,2366.0,2366.0,6/25/2019,43117
2367.0,2367.0,2367.0,2367.0,6/26/2019,44756
2368.0,2368.0,2368.0,2368.0,6/27/2019,67184
2369.0,2369.0,2369.0,2369.0,6/28/2019,36388
2370.0,2370.0,2370.0,2370.0,6/29/2019,-26106
2371.0,2371.0,2371.0,2371.0,6/30/2019,54076
2372.0,2372.0,2372.0,2372.0,7/1/2019,-23684
2373.0,2373.0,2373.0,2373.0,7/2/2019,28011
2374.0,2374.0,2374.0,2374.0,7/3/2019,19065
2375.0,2375.0,2375.0,2375.0,7/4/2019,81331
2376.0,2376.0,2376.0,2376.0,7/5/2019,32201
2377.0,2377.0,2377.0,2377.0,7/6/2019,74634
2378.0,2378.0,2378.0,2378.0,7/7/2019,-3405
2379.0,2379.0,2379.0,2379.0,7/8/2019,27498
2380.0,2380.0,2380.0,2380.0,7/9/2019,-6149
2381.0,2381.0,2381.0,2381.0,7/10/2019,-5161
2382.0,2382.0,2382.0,2382.0,7/11/2019,27765
2383.0,2383.0,2383.0,2383.0,7/12/2019,2778
2384.0,2384.0,2384.0,2384.0,7/13/2019,7686
2385.0,2385.0,2385.0,2385.0,7/14/2019,29651
2386.0,2386.0,2386.0,2386.0,7/15/2019,-19594
2387.0,2387.0,2387.0,2387.0,7/16/2019,6241
2388.0,2388.0,2388.0,2388.0,7/17/2019,-613
2389.0,2389.0,2389.0,2389.0,7/18/2019,76524
2390.0,2390.0,2390.0,2390.0,7/19/2019,55938
2391.0,2391.0,2391.0,2391.0,7/20/2019,82898
2392.0,2392.0,2392.0,2392.0,7/21/2019,16318
2393.0,2393.0,2393.0,2393.0,7/22/2019,76884
2394.0,2394.0,2394.0,2394.0,7/23/2019,910
2395.0,2395.0,2395.0,2395.0,7/24/2019,51086
2396.0,2396.0,2396.0,2396.0,7/25/2019,10961
2397.0,2397.0,2397.0,2397.0,7/26/2019,-12472
2398.0,2398.0,2398.0,2398.0,7/27/2019,30541
2399.0,2399.0,2399.0,2399.0,7/28/2019,3971
2400.0,2400.0,2400.0,2400.0,7/29/2019,9860
2401.0,2401.0,2401.0,2401.0,7/30/2019,26224
2402.0,2402.0,2402.0,2402.0,7/31/2019,81222
2403.0,2403.0,2403.0,2403.0,8/1/2019,14902
2404.0,2404.0,2404.0,2404.0,8/2/2019,19024
2405.0,2405.0,2405.0,2405.0,8/3/2019,46283
2406.0,2406.0,2406.0,2406.0,8/4/2019,-13499
2407.0,2407.0,2407.0,2407.0,8/5/2019,18447
2408.0,2408.0,2408.0,2408.0,8/6/2019,-12855
2409.0,2409.0,2409.0,2409.0,8/7/2019,61628
2410.0,2410.0,2410.0,2410.0,8/8/2019,-271
2411.0,2411.0,2411.0,2411.0,8/9/2019,-29916
2412.0,2412.0,2412.0,2412.0,8/10/2019,42834
2413.0,2413.0,2413.0,2413.0,8/11/2019,3085
2414.0,2414.0,2414.0,2414.0,8/12/2019,72123
2415.0,2415.0,2415.0,2415.0,8/13/2019,-21035
2416.0,2416.0,2416.0,2416.0,8/14/2019,-468
2417.0,2417.0,2417.0,2417.0,8/15/2019,59246
2418.0,2418.0,2418.0,2418.0,8/16/2019,39851
2419.0,2419.0,2419.0,2419.0,8/17/2019,49829
2420.0,2420.0,2420.0,2420.0,8/18/2019,47720
2421.0,2421.0,2421.0,2421.0,8/19/2019,29177
2422.0,2422.0,2422.0,2422.0,8/20/2019,9956
2423.0,2423.0,2423.0,2423.0,8/21/2019,43494
2424.0,2424.0,2424.0,2424.0,8/22/2019,8302
2425.0,2425.0,2425.0,2425.0,8/23/2019,3479
2426.0,2426.0,2426.0,2426.0,8/24/2019,78182
2427.0,2427.0,2427.0,2427.0,8/25/2019,-17100
2428.0,2428.0,2428.0,2428.0,8/26/2019,46145
2429.0,2429.0,2429.0,2429.0,8/27/2019,42858
2430.0,2430.0,2430.0,2430.0,8/28/2019,-24613
2431.0,2431.0,2431.0,2431.0,8/29/2019,-16645
2432.0,2432.0,2432.0,2432.0,8/30/2019,80680
2433.0,2433.0,2433.0,2433.0,8/31/2019,1905
2434.0,2434.0,2434.0,2434.0,9/1/2019,31628
2435.0,2435.0,2435.0,2435.0,9/2/2019,14169
2436.0,2436.0,2436.0,2436.0,9/3/2019,-5195
2437.0,2437.0,2437.0,2437.0,9/4/2019,5833
2438.0,2438.0,2438.0,2438.0,9/5/2019,43451
2439.0,2439.0,2439.0,2439.0,9/6/2019,81253
2440.0,2440.0,2440.0,2440.0,9/7/2019,70739
2441.0,2441.0,2441.0,2441.0,9/8/2019,52339
2442.0,2442.0,2442.0,2442.0,9/9/2019,51563
2443.0,2443.0,2443.0,2443.0,9/10/2019,-19032
2444.0,2444.0,2444.0,2444.0,9/11/2019,42180
2445.0,2445.0,2445.0,2445.0,9/12/2019,76758
2446.0,2446.0,2446.0,2446.0,9/13/2019,60457
2447.0,2447.0,2447.0,2447.0,9/14/2019,1991
2448.0,2448.0,2448.0,2448.0,9/15/2019,-16679
2449.0,2449.0,2449.0,2449.0,9/16/2019,7703
2450.0,2450.0,2450.0,2450.0,9/17/2019,4013
2451.0,2451.0,2451.0,2451.0,9/18/2019,-1596
2452.0,2452.0,2452.0,2452.0,9/19/2019,47268
2453.0,2453.0,2453.0,2453.0,9/20/2019,-93
2454.0,2454.0,2454.0,2454.0,9/21/2019,38359
2455.0,2455.0,2455.0,2455.0,9/22/2019,12357
2456.0,2456.0,2456.0,2456.0,9/23/2019,56060
2457.0,2457.0,2457.0,2457.0,9/24/2019,23015
2458.0,2458.0,2458.0,2458.0,9/25/2019,51415
2459.0,2459.0,2459.0,2459.0,9/26/2019,-14715
2460.0,2460.0,2460.0,2460.0,9/27/2019,65563
2461.0,2461.0,2461.0,2461.0,9/28/2019,-13347
2462.0,2462.0,2462.0,2462.0,9/29/2019,39479
2463.0,2463.0,2463.0,2463.0,9/30/2019,50574
2464.0,2464.0,2464.0,2464.0,10/1/2019,1892
2465.0,2465.0,2465.0,2465.0,10/2/2019,2790
2466.0,2466.0,2466.0,2466.0,10/3/2019,82193
2467.0,2467.0,2467.0,2467.0,10/4/2019,65203
2468.0,2468.0,2468.0,2468.0,10/5/2019,71649
2469.0,2469.0,2469.0,2469.0,10/6/2019,23230
2470.0,2470.0,2470.0,2470.0,10/7/2019,47707
2471.0,2471.0,2471.0,2471.0,10/8/2019,16087
2472.0,2472.0,2472.0,2472.0,10/9/2019,27912
2473.0,2473.0,2473.0,2473.0,10/10/2019,56522
2474.0,2474.0,2474.0,2474.0,10/11/2019,-3231
2475.0,2475.0,2475.0,2475.0,10/12/2019,276
2476.0,2476.0,2476.0,2476.0,10/13/2019,45404
2477.0,2477.0,2477.0,2477.0,10/14/2019,-13722
2478.0,2478.0,2478.0,2478.0,10/15/2019,74037
2479.0,2479.0,2479.0,2479.0,10/16/2019,15761
2480.0,2480.0,2480.0,2480.0,10/17/2019,16452
2481.0,2481.0,2481.0,2481.0,10/18/2019,-24686
2482.0,2482.0,2482.0,2482.0,10/19/2019,73531
2483.0,2483.0,2483.0,2483.0,10/20/2019,13098
2484.0,2484.0,2484.0,2484.0,10/21/2019,55890
2485.0,2485.0,2485.0,2485.0,10/22/2019,24083
2486.0,2486.0,2486.0,2486.0,10/23/2019,-27963
2487.0,2487.0,2487.0,2487.0,10/24/2019,57570
2488.0,2488.0,2488.0,2488.0,10/25/2019,55297
2489.0,2489.0,2489.0,2489.0,10/26/2019,68555
2490.0,2490.0,2490.0,2490.0,10/27/2019,1121
2491.0,2491.0,2491.0,2491.0,10/28/2019,-14722
2492.0,2492.0,2492.0,2492.0,10/29/2019,10350
2493.0,2493.0,2493.0,2493.0,10/30/2019,4234
2494.0,2494.0,2494.0,2494.0,10/31/2019,-185
2495.0,2495.0,2495.0,2495.0,11/1/2019,1637
2496.0,2496.0,2496.0,2496.0,11/2/2019,45550
2497.0,2497.0,2497.0,2497.0,11/3/2019,74785
2498.0,2498.0,2498.0,2498.0,11/4/2019,34622
2499.0,2499.0,2499.0,2499.0,11/5/2019,-7571
2500.0,2500.0,2500.0,2500.0,11/6/2019,7997
2501.0,2501.0,2501.0,2501.0,11/7/2019,48198
2502.0,2502.0,2502.0,2502.0,11/8/2019,-4152
2503.0,2503.0,2503.0,2503.0,11/9/2019,74097
2504.0,2504.0,2504.0,2504.0,11/10/2019,-28146
2505.0,2505.0,2505.0,2505.0,11/11/2019,-23120
2506.0,2506.0,2506.0,2506.0,11/12/2019,23716
2507.0,2507.0,2507.0,2507.0,11/13/2019,57623
2508.0,2508.0,2508.0,2508.0,11/14/2019,-17837
2509.0,2509.0,2509.0,2509.0,11/15/2019,-5609
2510.0,2510.0,2510.0,2510.0,11/16/2019,4850
2511.0,2511.0,2511.0,2511.0,11/17/2019,63788
2512.0,2512.0,2512.0,2512.0,11/18/2019,-29979
2513.0,2513.0,2513.0,2513.0,11/19/2019,-9170
2514.0,2514.0,2514.0,2514.0,11/20/2019,16274
2515.0,2515.0,2515.0,2515.0,11/21/2019,12096
2516.0,2516.0,2516.0,2516.0,11/22/2019,47548
2517.0,2517.0,2517.0,2517.0,11/23/2019,80789
2518.0,2518.0,2518.0,2518.0,11/24/2019,61331
2519.0,2519.0,2519.0,2519.0,11/25/2019,84019
2520.0,2520.0,2520.0,2520.0,11/26/2019,-2370
2521.0,2521.0,2521.0,2521.0,11/27/2019,17194
2522.0,2522.0,2522.0,2522.0,11/28/2019,37156
2523.0,2523.0,2523.0,2523.0,11/29/2019,-18551
2524.0,2524.0,2524.0,2524.0,11/30/2019,2399
2525.0,2525.0,2525.0,2525.0,12/1/2019,33916
2526.0,2526.0,2526.0,2526.0,12/2/2019,2046
2527.0,2527.0,2527.0,2527.0,12/3/2019,-11243
2528.0,2528.0,2528.0,2528.0,12/4/2019,55344
2529.0,2529.0,2529.0,2529.0,12/5/2019,-24744
2530.0,2530.0,2530.0,2530.0,12/6/2019,46990
2531.0,2531.0,2531.0,2531.0,12/7/2019,-937
2532.0,2532.0,2532.0,2532.0,12/8/2019,66562
2533.0,2533.0,2533.0,2533.0,12/9/2019,35628
2534.0,2534.0,2534.0,2534.0,12/10/2019,-6015
2535.0,2535.0,2535.0,2535.0,12/11/2019,-27003
2536.0,2536.0,2536.0,2536.0,12/12/2019,48399
2537.0,2537.0,2537.0,2537.0,12/13/2019,-26012
2538.0,2538.0,2538.0,2538.0,12/14/2019,67393
2539.0,2539.0,2539.0,2539.0,12/15/2019,69169
2540.0,2540.0,2540.0,2540.0,12/16/2019,60571
2541.0,2541.0,2541.0,2541.0,12/17/2019,-2605
2542.0,2542.0,2542.0,2542.0,12/18/2019,21956
2543.0,2543.0,2543.0,2543.0,12/19/2019,15242
2544.0,2544.0,2544.0,2544.0,12/20/2019,-1145
2545.0,2545.0,2545.0,2545.0,12/21/2019,-4532
2546.0,2546.0,2546.0,2546.0,12/22/2019,8312
2547.0,2547.0,2547.0,2547.0,12/23/2019,38486
2548.0,2548.0,2548.0,2548.0,12/24/2019,3363
2549.0,2549.0,2549.0,2549.0,12/25/2019,-9663
2550.0,2550.0,2550.0,2550.0,12/26/2019,20485
2551.0,2551.0,2551.0,2551.0,12/27/2019,19517
2552.0,2552.0,2552.0,2552.0,12/28/2019,-4625
2553.0,2553.0,2553.0,2553.0,12/29/2019,37002
2554.0,2554.0,2554.0,2554.0,12/30/2019,25753
2555.0,2555.0,2555.0,2555.0,12/31/2019,75026
2556.0,2556.0,2556.0,2556.0,1/1/2020,42960
2557.0,2557.0,2557.0,2557.0,1/2/2020,-3389
2558.0,2558.0,2558.0,2558.0,1/3/2020,32008
2559.0,2559.0,2559.0,2559.0,1/4/2020,8639
2560.0,2560.0,2560.0,2560.0,1/5/2020,-23877
2561.0,2561.0,2561.0,2561.0,1/6/2020,65433
2562.0,2562.0,2562.0,2562.0,1/7/2020,50350
2563.0,2563.0,2563.0,2563.0,1/8/2020,78778
2564.0,2564.0,2564.0,2564.0,1/9/2020,78225
2565.0,2565.0,2565.0,2565.0,1/10/2020,58650
2566.0,2566.0,2566.0,2566.0,1/11/2020,63327
2567.0,2567.0,2567.0,2567.0,1/12/2020,34308
2568.0,2568.0,2568.0,2568.0,1/13/2020,23367
2569.0,2569.0,2569.0,2569.0,1/14/2020,-4516
2570.0,2570.0,2570.0,2570.0,1/15/2020,28587
2571.0,2571.0,2571.0,2571.0,1/16/2020,21466
2572.0,2572.0,2572.0,2572.0,1/17/2020,273
2573.0,2573.0,2573.0,2573.0,1/18/2020,3601
2574.0,2574.0,2574.0,2574.0,1/19/2020,77793
2575.0,2575.0,2575.0,2575.0,1/20/2020,82918
2576.0,2576.0,2576.0,2576.0,1/21/2020,83019
2577.0,2577.0,2577.0,2577.0,1/22/2020,30780
2578.0,2578.0,2578.0,2578.0,1/23/2020,33492
2579.0,2579.0,2579.0,2579.0,1/24/2020,58661
2580.0,2580.0,2580.0,2580.0,1/25/2020,-21936
2581.0,2581.0,2581.0,2581.0,1/26/2020,-6715
2582.0,2582.0,2582.0,2582.0,1/27/2020,58314
2583.0,2583.0,2583.0,2583.0,1/28/2020,46205
2584.0,2584.0,2584.0,2584.0,1/29/2020,22494
2585.0,2585.0,2585.0,2585.0,1/30/2020,39685
2586.0,2586.0,2586.0,2586.0,1/31/2020,-12210
2587.0,2587.0,2587.0,2587.0,2/1/2020,44256
2588.0,2588.0,2588.0,2588.0,2/2/2020,35631
2589.0,2589.0,2589.0,2589.0,2/3/2020,-10099
2590.0,2590.0,2590.0,2590.0,2/4/2020,81805
2591.0,2591.0,2591.0,2591.0,2/5/2020,35937
2592.0,2592.0,2592.0,2592.0,2/6/2020,74762
2593.0,2593.0,2593.0,2593.0,2/7/2020,23205
2594.0,2594.0,2594.0,2594.0,2/8/2020,-13350
2595.0,2595.0,2595.0,2595.0,2/9/2020,22696
2596.0,2596.0,2596.0,2596.0,2/10/2020,16702
2597.0,2597.0,2597.0,2597.0,2/11/2020,13861
2598.0,2598.0,2598.0,2598.0,2/12/2020,-9774
2599.0,2599.0,2599.0,2599.0,2/13/2020,77504
2600.0,2600.0,2600.0,2600.0,2/14/2020,-2749
2601.0,2601.0,2601.0,2601.0,2/15/2020,47340
2602.0,2602.0,2602.0,2602.0,2/16/2020,820
2603.0,2603.0,2603.0,2603.0,2/17/2020,77142
2604.0,2604.0,2604.0,2604.0,2/18/2020,28223
2605.0,2605.0,2605.0,2605.0,2/19/2020,38985
2606.0,2606.0,2606.0,2606.0,2/20/2020,72155
2607.0,2607.0,2607.0,2607.0,2/21/2020,43399
2608.0,2608.0,2608.0,2608.0,2/22/2020,33970
2609.0,2609.0,2609.0,2609.0,2/23/2020,61184
2610.0,2610.0,2610.0,2610.0,2/24/2020,64854
2611.0,2611.0,2611.0,2611.0,2/25/2020,75032
2612.0,2612.0,2612.0,2612.0,2/26/2020,64461
2613.0,2613.0,2613.0,2613.0,2/27/2020,79997
2614.0,2614.0,2614.0,2614.0,2/28/2020,40316
2615.0,2615.0,2615.0,2615.0,2/29/2020,61026
2616.0,2616.0,2616.0,2616.0,3/1/2020,19853
2617.0,2617.0,2617.0,2617.0,3/2/2020,60436
2618.0,2618.0,2618.0,2618.0,3/3/2020,82447
2619.0,2619.0,2619.0,2619.0,3/4/2020,47455
2620.0,2620.0,2620.0,2620.0,3/5/2020,4005
2621.0,2621.0,2621.0,2621.0,3/6/2020,-25779
2622.0,2622.0,2622.0,2622.0,3/7/2020,70550
2623.0,2623.0,2623.0,2623.0,3/8/2020,1882
2624.0,2624.0,2624.0,2624.0,3/9/2020,15259
2625.0,2625.0,2625.0,2625.0,3/10/2020,77888
2626.0,2626.0,2626.0,2626.0,3/11/2020,59143
2627.0,2627.0,2627.0,2627.0,3/12/2020,49950
2628.0,2628.0,2628.0,2628.0,3/13/2020,60945
2629.0,2629.0,2629.0,2629.0,3/14/2020,-21104
2630.0,2630.0,2630.0,2630.0,3/15/2020,56402
2631.0,2631.0,2631.0,2631.0,3/16/2020,16491
2632.0,2632.0,2632.0,2632.0,3/17/2020,4693
2633.0,2633.0,2633.0,2633.0,3/18/2020,25542
2634.0,2634.0,2634.0,2634.0,3/19/2020,6979
2635.0,2635.0,2635.0,2635.0,3/20/2020,3782
2636.0,2636.0,2636.0,2636.0,3/21/2020,-26876
2637.0,2637.0,2637.0,2637.0,3/22/2020,-10679
2638.0,2638.0,2638.0,2638.0,3/23/2020,-28211
2639.0,2639.0,2639.0,2639.0,3/24/2020,73841
2640.0,2640.0,2640.0,2640.0,3/25/2020,-19525
2641.0,2641.0,2641.0,2641.0,3/26/2020,-22492
2642.0,2642.0,2642.0,2642.0,3/27/2020,52767
2643.0,2643.0,2643.0,2643.0,3/28/2020,3932
2644.0,2644.0,2644.0,2644.0,3/29/2020,27213
2645.0,2645.0,2645.0,2645.0,3/30/2020,63375
2646.0,2646.0,2646.0,2646.0,3/31/2020,-15793
2647.0,2647.0,2647.0,2647.0,4/1/2020,-2885
2648.0,2648.0,2648.0,2648.0,4/2/2020,27999
2649.0,2649.0,2649.0,2649.0,4/3/2020,6972
2650.0,2650.0,2650.0,2650.0,4/4/2020,76437
2651.0,2651.0,2651.0,2651.0,4/5/2020,46377
2652.0,2652.0,2652.0,2652.0,4/6/2020,-5373
2653.0,2653.0,2653.0,2653.0,4/7/2020,-16919
2654.0,2654.0,2654.0,2654.0,4/8/2020,80871
2655.0,2655.0,2655.0,2655.0,4/9/2020,-868
2656.0,2656.0,2656.0,2656.0,4/10/2020,-4969
2657.0,2657.0,2657.0,2657.0,4/11/2020,5248
2658.0,2658.0,2658.0,2658.0,4/12/2020,39804
2659.0,2659.0,2659.0,2659.0,4/13/2020,9629
2660.0,2660.0,2660.0,2660.0,4/14/2020,77432
2661.0,2661.0,2661.0,2661.0,4/15/2020,31263
2662.0,2662.0,2662.0,2662.0,4/16/2020,50380
2663.0,2663.0,2663.0,2663.0,4/17/2020,44248
2664.0,2664.0,2664.0,2664.0,4/18/2020,-29661
2665.0,2665.0,2665.0,2665.0,4/19/2020,-21494
2666.0,2666.0,2666.0,2666.0,4/20/2020,-4558
2667.0,2667.0,2667.0,2667.0,4/21/2020,84134
2668.0,2668.0,2668.0,2668.0,4/22/2020,3210
2669.0,2669.0,2669.0,2669.0,4/23/2020,-10334
2670.0,2670.0,2670.0,2670.0,4/24/2020,15050
2671.0,2671.0,2671.0,2671.0,4/25/2020,25945
2672.0,2672.0,2672.0,2672.0,4/26/2020,-19577
2673.0,2673.0,2673.0,2673.0,4/27/2020,-26626
2674.0,2674.0,2674.0,2674.0,4/28/2020,44930
2675.0,2675.0,2675.0,2675.0,4/29/2020,40333
2676.0,2676.0,2676.0,2676.0,4/30/2020,39344
2677.0,2677.0,2677.0,2677.0,5/1/2020,25527
2678.0,2678.0,2678.0,2678.0,5/2/2020,47466
2679.0,2679.0,2679.0,2679.0,5/3/2020,18637
2680.0,2680.0,2680.0,2680.0,5/4/2020,31211
2681.0,2681.0,2681.0,2681.0,5/5/2020,55566
2682.0,2682.0,2682.0,2682.0,5/6/2020,11724
2683.0,2683.0,2683.0,2683.0,5/7/2020,79761
2684.0,2684.0,2684.0,2684.0,5/8/2020,13841
2685.0,2685.0,2685.0,2685.0,5/9/2020,50507
2686.0,2686.0,2686.0,2686.0,5/10/2020,25119
2687.0,2687.0,2687.0,2687.0,5/11/2020,37056
2688.0,2688.0,2688.0,2688.0,5/12/2020,79170
2689.0,2689.0,2689.0,2689.0,5/13/2020,2815
2690.0,2690.0,2690.0,2690.0,5/14/2020,16059
2691.0,2691.0,2691.0,2691.0,5/15/2020,-9557
2692.0,2692.0,2692.0,2692.0,5/16/2020,-3081
2693.0,2693.0,2693.0,2693.0,5/17/2020,73037
2694.0,2694.0,2694.0,2694.0,5/18/2020,73748
2695.0,2695.0,2695.0,2695.0,5/19/2020,26298
2696.0,2696.0,2696.0,2696.0,5/20/2020,19337
2697.0,2697.0,2697.0,2697.0,5/21/2020,39326
2698.0,2698.0,2698.0,2698.0,5/22/2020,70398
2699.0,2699.0,2699.0,2699.0,5/23/2020,20342
2700.0,2700.0,2700.0,2700.0,5/24/2020,50834
2701.0,2701.0,2701.0,2701.0,5/25/2020,69415
2702.0,2702.0,2702.0,2702.0,5/26/2020,-22635
2703.0,2703.0,2703.0,2703.0,5/27/2020,-9897
2704.0,2704.0,2704.0,2704.0,5/28/2020,59898
2705.0,2705.0,2705.0,2705.0,5/29/2020,79296
2706.0,2706.0,2706.0,2706.0,5/30/2020,14813
2707.0,2707.0,2707.0,2707.0,5/31/2020,25238
2708.0,2708.0,2708.0,2708.0,6/1/2020,-25712
2709.0,2709.0,2709.0,2709.0,6/2/2020,68984
2710.0,2710.0,2710.0,2710.0,6/3/2020,22422
2711.0,2711.0,2711.0,2711.0,6/4/2020,67249
2712.0,2712.0,2712.0,2712.0,6/5/2020,-19331
2713.0,2713.0,2713.0,2713.0,6/6/2020,-505
2714.0,2714.0,2714.0,2714.0,6/7/2020,47526
2715.0,2715.0,2715.0,2715.0,6/8/2020,67677
2716.0,2716.0,2716.0,2716.0,6/9/2020,74280
2717.0,2717.0,2717.0,2717.0,6/10/2020,70797
2718.0,2718.0,2718.0,2718.0,6/11/2020,-29854
2719.0,2719.0,2719.0,2719.0,6/12/2020,-3242
2720.0,2720.0,2720.0,2720.0,6/13/2020,-19212
2721.0,2721.0,2721.0,2721.0,6/14/2020,3581
2722.0,2722.0,2722.0,2722.0,6/15/2020,721
2723.0,2723.0,2723.0,2723.0,6/16/2020,3877
2724.0,2724.0,2724.0,2724.0,6/17/2020,-15103
2725.0,2725.0,2725.0,2725.0,6/18/2020,70320
2726.0,2726.0,2726.0,2726.0,6/19/2020,31947
2727.0,2727.0,2727.0,2727.0,6/20/2020,-11868
2728.0,2728.0,2728.0,2728.0,6/21/2020,59831
2729.0,2729.0,2729.0,2729.0,6/22/2020,62068
2730.0,2730.0,2730.0,2730.0,6/23/2020,31229
2731.0,2731.0,2731.0,2731.0,6/24/2020,57569
2732.0,2732.0,2732.0,2732.0,6/25/2020,23808
2733.0,2733.0,2733.0,2733.0,6/26/2020,54526
2734.0,2734.0,2734.0,2734.0,6/27/2020,14274
2735.0,2735.0,2735.0,2735.0,6/28/2020,314
2736.0,2736.0,2736.0,2736.0,6/29/2020,-11583
2737.0,2737.0,2737.0,2737.0,6/30/2020,-20179
2738.0,2738.0,2738.0,2738.0,7/1/2020,-28496
2739.0,2739.0,2739.0,2739.0,7/2/2020,-27809
2740.0,2740.0,2740.0,2740.0,7/3/2020,46973
2741.0,2741.0,2741.0,2741.0,7/4/2020,17498
2742.0,2742.0,2742.0,2742.0,7/5/2020,43079
2743.0,2743.0,2743.0,2743.0,7/6/2020,60567
2744.0,2744.0,2744.0,2744.0,7/7/2020,3524
2745.0,2745.0,2745.0,2745.0,7/8/2020,37516
2746.0,2746.0,2746.0,2746.0,7/9/2020,16895
2747.0,2747.0,2747.0,2747.0,7/10/2020,76624
2748.0,2748.0,2748.0,2748.0,7/11/2020,5908
2749.0,2749.0,2749.0,2749.0,7/12/2020,18699
2750.0,2750.0,2750.0,2750.0,7/13/2020,-4795
2751.0,2751.0,2751.0,2751.0,7/14/2020,74582
2752.0,2752.0,2752.0,2752.0,7/15/2020,10686
2753.0,2753.0,2753.0,2753.0,7/16/2020,-25241
2754.0,2754.0,2754.0,2754.0,7/17/2020,13391
2755.0,2755.0,2755.0,2755.0,7/18/2020,-11430
2756.0,2756.0,2756.0,2756.0,7/19/2020,30562
2757.0,2757.0,2757.0,2757.0,7/20/2020,68888
2758.0,2758.0,2758.0,2758.0,7/21/2020,79829
2759.0,2759.0,2759.0,2759.0,7/22/2020,79147
2760.0,2760.0,2760.0,2760.0,7/23/2020,66358
2761.0,2761.0,2761.0,2761.0,7/24/2020,53440
2762.0,2762.0,2762.0,2762.0,7/25/2020,79188
2763.0,2763.0,2763.0,2763.0,7/26/2020,2373
2764.0,2764.0,2764.0,2764.0,7/27/2020,59002
2765.0,2765.0,2765.0,2765.0,7/28/2020,-18802
2766.0,2766.0,2766.0,2766.0,7/29/2020,6590
2767.0,2767.0,2767.0,2767.0,7/30/2020,53306
2768.0,2768.0,2768.0,2768.0,7/31/2020,56962
2769.0,2769.0,2769.0,2769.0,8/1/2020,27421
2770.0,2770.0,2770.0,2770.0,8/2/2020,53077
2771.0,2771.0,2771.0,2771.0,8/3/2020,22945
2772.0,2772.0,2772.0,2772.0,8/4/2020,-14253
2773.0,2773.0,2773.0,2773.0,8/5/2020,14761
2774.0,2774.0,2774.0,2774.0,8/6/2020,-8766
2775.0,2775.0,2775.0,2775.0,8/7/2020,-23083
2776.0,2776.0,2776.0,2776.0,8/8/2020,63196
2777.0,2777.0,2777.0,2777.0,8/9/2020,1607
2778.0,2778.0,2778.0,2778.0,8/10/2020,-16256
2779.0,2779.0,2779.0,2779.0,8/11/2020,25277
2780.0,2780.0,2780.0,2780.0,8/12/2020,67524
2781.0,2781.0,2781.0,2781.0,8/13/2020,-25102
2782.0,2782.0,2782.0,2782.0,8/14/2020,-10273
2783.0,2783.0,2783.0,2783.0,8/15/2020,39896
2784.0,2784.0,2784.0,2784.0,8/16/2020,62513
2785.0,2785.0,2785.0,2785.0,8/17/2020,-15963
2786.0,2786.0,2786.0,2786.0,8/18/2020,50384
2787.0,2787.0,2787.0,2787.0,8/19/2020,6409
2788.0,2788.0,2788.0,2788.0,8/20/2020,10603
2789.0,2789.0,2789.0,2789.0,8/21/2020,8561
2790.0,2790.0,2790.0,2790.0,8/22/2020,-10232
2791.0,2791.0,2791.0,2791.0,8/23/2020,3376
2792.0,2792.0,2792.0,2792.0,8/24/2020,48531
2793.0,2793.0,2793.0,2793.0,8/25/2020,-24166
2794.0,2794.0,2794.0,2794.0,8/26/2020,56192
2795.0,2795.0,2795.0,2795.0,8/27/2020,5691
2796.0,2796.0,2796.0,2796.0,8/28/2020,17833
2797.0,2797.0,2797.0,2797.0,8/29/2020,918
2798.0,2798.0,2798.0,2798.0,8/30/2020,8075
2799.0,2799.0,2799.0,2799.0,8/31/2020,46255
2800.0,2800.0,2800.0,2800.0,9/1/2020,-12565
2801.0,2801.0,2801.0,2801.0,9/2/2020,66665
2802.0,2802.0,2802.0,2802.0,9/3/2020,-24286
2803.0,2803.0,2803.0,2803.0,9/4/2020,46354
2804.0,2804.0,2804.0,2804.0,9/5/2020,3136
2805.0,2805.0,2805.0,2805.0,9/6/2020,82411
2806.0,2806.0,2806.0,2806.0,9/7/2020,43412
2807.0,2807.0,2807.0,2807.0,9/8/2020,-16747
2808.0,2808.0,2808.0,2808.0,9/9/2020,9585
2809.0,2809.0,2809.0,2809.0,9/10/2020,78321
2810.0,2810.0,2810.0,2810.0,9/11/2020,78917
2811.0,2811.0,2811.0,2811.0,9/12/2020,2580
2812.0,2812.0,2812.0,2812.0,9/13/2020,78516
2813.0,2813.0,2813.0,2813.0,9/14/2020,-18119
2814.0,2814.0,2814.0,2814.0,9/15/2020,37661
2815.0,2815.0,2815.0,2815.0,9/16/2020,29058
2816.0,2816.0,2816.0,2816.0,9/17/2020,20294
2817.0,2817.0,2817.0,2817.0,9/18/2020,144
2818.0,2818.0,2818.0,2818.0,9/19/2020,-1825
2819.0,2819.0,2819.0,2819.0,9/20/2020,66140
2820.0,2820.0,2820.0,2820.0,9/21/2020,-3482
2821.0,2821.0,2821.0,2821.0,9/22/2020,67951
2822.0,2822.0,2822.0,2822.0,9/23/2020,20646
2823.0,2823.0,2823.0,2823.0,9/24/2020,3288
2824.0,2824.0,2824.0,2824.0,9/25/2020,-23754
2825.0,2825.0,2825.0,2825.0,9/26/2020,63118
2826.0,2826.0,2826.0,2826.0,9/27/2020,53070
2827.0,2827.0,2827.0,2827.0,9/28/2020,6770
2828.0,2828.0,2828.0,2828.0,9/29/2020,50996
2829.0,2829.0,2829.0,2829.0,9/30/2020,67297
2830.0,2830.0,2830.0,2830.0,10/1/2020,10943
2831.0,2831.0,2831.0,2831.0,10/2/2020,-10206
2832.0,2832.0,2832.0,2832.0,10/3/2020,72297
2833.0,2833.0,2833.0,2833.0,10/4/2020,-25606
2834.0,2834.0,2834.0,2834.0,10/5/2020,5615
2835.0,2835.0,2835.0,2835.0,10/6/2020,-18602
2836.0,2836.0,2836.0,2836.0,10/7/2020,30059
2837.0,2837.0,2837.0,2837.0,10/8/2020,24798
2838.0,2838.0,2838.0,2838.0,10/9/2020,58157
2839.0,2839.0,2839.0,2839.0,10/10/2020,76313
2840.0,2840.0,2840.0,2840.0,10/11/2020,-20896
2841.0,2841.0,2841.0,2841.0,10/12/2020,84794
2842.0,2842.0,2842.0,2842.0,10/13/2020,51708
2843.0,2843.0,2843.0,2843.0,10/14/2020,6053
2844.0,2844.0,2844.0,2844.0,10/15/2020,-11109
2845.0,2845.0,2845.0,2845.0,10/16/2020,637
2846.0,2846.0,2846.0,2846.0,10/17/2020,42325
2847.0,2847.0,2847.0,2847.0,10/18/2020,-6146
2848.0,2848.0,2848.0,2848.0,10/19/2020,-21041
2849.0,2849.0,2849.0,2849.0,10/20/2020,-14201
2850.0,2850.0,2850.0,2850.0,10/21/2020,6224
2851.0,2851.0,2851.0,2851.0,10/22/2020,36583
2852.0,2852.0,2852.0,2852.0,10/23/2020,1780
2853.0,2853.0,2853.0,2853.0,10/24/2020,26418
2854.0,2854.0,2854.0,2854.0,10/25/2020,19686
2855.0,2855.0,2855.0,2855.0,10/26/2020,-12637
2856.0,2856.0,2856.0,2856.0,10/27/2020,51803
2857.0,2857.0,2857.0,2857.0,10/28/2020,-730
2858.0,2858.0,2858.0,2858.0,10/29/2020,26866
2859.0,2859.0,2859.0,2859.0,10/30/2020,70265
2860.0,2860.0,2860.0,2860.0,10/31/2020,28187
2861.0,2861.0,2861.0,2861.0,11/1/2020,-14764
2862.0,2862.0,2862.0,2862.0,11/2/2020,20927
2863.0,2863.0,2863.0,2863.0,11/3/2020,34691
2864.0,2864.0,2864.0,2864.0,11/4/2020,6401
2865.0,2865.0,2865.0,2865.0,11/5/2020,38237
2866.0,2866.0,2866.0,2866.0,11/6/2020,75609
2867.0,2867.0,2867.0,2867.0,11/7/2020,35109
2868.0,2868.0,2868.0,2868.0,11/8/2020,44472
2869.0,2869.0,2869.0,2869.0,11/9/2020,-15156
2870.0,2870.0,2870.0,2870.0,11/10/2020,-9743
2871.0,2871.0,2871.0,2871.0,11/11/2020,54695
2872.0,2872.0,2872.0,2872.0,11/12/2020,-11198
2873.0,2873.0,2873.0,2873.0,11/13/2020,12662
2874.0,2874.0,2874.0,2874.0,11/14/2020,79894
2875.0,2875.0,2875.0,2875.0,11/15/2020,66578
2876.0,2876.0,2876.0,2876.0,11/16/2020,51879
2877.0,2877.0,2877.0,2877.0,11/17/2020,30634
2878.0,2878.0,2878.0,2878.0,11/18/2020,20877
2879.0,2879.0,2879.0,2879.0,11/19/2020,10617
2880.0,2880.0,2880.0,2880.0,11/20/2020,74279
2881.0,2881.0,2881.0,2881.0,11/21/2020,63548
2882.0,2882.0,2882.0,2882.0,11/22/2020,58445
2883.0,2883.0,2883.0,2883.0,11/23/2020,64012
2884.0,2884.0,2884.0,2884.0,11/24/2020,61853
2885.0,2885.0,2885.0,2885.0,11/25/2020,-10520
2886.0,2886.0,2886.0,2886.0,11/26/2020,82175
2887.0,2887.0,2887.0,2887.0,11/27/2020,83166
2888.0,2888.0,2888.0,2888.0,11/28/2020,69419
2889.0,2889.0,2889.0,2889.0,11/29/2020,24316
2890.0,2890.0,2890.0,2890.0,11/30/2020,-9362
2891.0,2891.0,2891.0,2891.0,12/1/2020,42500
2892.0,2892.0,2892.0,2892.0,12/2/2020,47960
2893.0,2893.0,2893.0,2893.0,12/3/2020,49568
2894.0,2894.0,2894.0,2894.0,12/4/2020,-29832
2895.0,2895.0,2895.0,2895.0,12/5/2020,74891
2896.0,2896.0,2896.0,2896.0,12/6/2020,15190
2897.0,2897.0,2897.0,2897.0,12/7/2020,11308
2898.0,2898.0,2898.0,2898.0,12/8/2020,-5217
2899.0,2899.0,2899.0,2899.0,12/9/2020,-3954
2900.0,2900.0,2900.0,2900.0,12/10/2020,-15450
2901.0,2901.0,2901.0,2901.0,12/11/2020,12792
2902.0,2902.0,2902.0,2902.0,12/12/2020,31913
2903.0,2903.0,2903.0,2903.0,12/13/2020,-14525
2904.0,2904.0,2904.0,2904.0,12/14/2020,74828
2905.0,2905.0,2905.0,2905.0,12/15/2020,71958
2906.0,2906.0,2906.0,2906.0,12/16/2020,33427
2907.0,2907.0,2907.0,2907.0,12/17/2020,30593
2908.0,2908.0,2908.0,2908.0,12/18/2020,84567
2909.0,2909.0,2909.0,2909.0,12/19/2020,-22229
2910.0,2910.0,2910.0,2910.0,12/20/2020,10227
2911.0,2911.0,2911.0,2911.0,12/21/2020,-7114
2912.0,2912.0,2912.0,2912.0,12/22/2020,33572
2913.0,2913.0,2913.0,2913.0,12/23/2020,18693
2914.0,2914.0,2914.0,2914.0,12/24/2020,68154
2915.0,2915.0,2915.0,2915.0,12/25/2020,64226
2916.0,2916.0,2916.0,2916.0,12/26/2020,38453
2917.0,2917.0,2917.0,2917.0,12/27/2020,-18092
2918.0,2918.0,2918.0,2918.0,12/28/2020,77584
2919.0,2919.0,2919.0,2919.0,12/29/2020,-11004
2920.0,2920.0,2920.0,2920.0,12/30/2020,41214
2921.0,2921.0,2921.0,2921.0,12/31/2020,61937
2922.0,2922.0,2922.0,2922.0,1/1/2021,11432
2923.0,2923.0,2923.0,2923.0,1/2/2021,47230
2924.0,2924.0,2924.0,2924.0,1/3/2021,29029
2925.0,2925.0,2925.0,2925.0,1/4/2021,44559
2926.0,2926.0,2926.0,2926.0,1/5/2021,42418
2927.0,2927.0,2927.0,2927.0,1/6/2021,15447
2928.0,2928.0,2928.0,2928.0,1/7/2021,6943
2929.0,2929.0,2929.0,2929.0,1/8/2021,63365
2930.0,2930.0,2930.0,2930.0,1/9/2021,59479
2931.0,2931.0,2931.0,2931.0,1/10/2021,66928
2932.0,2932.0,2932.0,2932.0,1/11/2021,76281
2933.0,2933.0,2933.0,2933.0,1/12/2021,42630
2934.0,2934.0,2934.0,2934.0,1/13/2021,-10244
2935.0,2935.0,2935.0,2935.0,1/14/2021,-7123
2936.0,2936.0,2936.0,2936.0,1/15/2021,21868
2937.0,2937.0,2937.0,2937.0,1/16/2021,8993
2938.0,2938.0,2938.0,2938.0,1/17/2021,33068
2939.0,2939.0,2939.0,2939.0,1/18/2021,84185
2940.0,2940.0,2940.0,2940.0,1/19/2021,-23783
2941.0,2941.0,2941.0,2941.0,1/20/2021,-26030
2942.0,2942.0,2942.0,2942.0,1/21/2021,52311
2943.0,2943.0,2943.0,2943.0,1/22/2021,66630
2944.0,2944.0,2944.0,2944.0,1/23/2021,46873
2945.0,2945.0,2945.0,2945.0,1/24/2021,2427
2946.0,2946.0,2946.0,2946.0,1/25/2021,13662
2947.0,2947.0,2947.0,2947.0,1/26/2021,-23759
2948.0,2948.0,2948.0,2948.0,1/27/2021,-16533
2949.0,2949.0,2949.0,2949.0,1/28/2021,43786
2950.0,2950.0,2950.0,2950.0,1/29/2021,56378
2951.0,2951.0,2951.0,2951.0,1/30/2021,28188
2952.0,2952.0,2952.0,2952.0,1/31/2021,35137
2953.0,2953.0,2953.0,2953.0,2/1/2021,-8274
2954.0,2954.0,2954.0,2954.0,2/2/2021,28168
2955.0,2955.0,2955.0,2955.0,2/3/2021,74801
2956.0,2956.0,2956.0,2956.0,2/4/2021,-22384
2957.0,2957.0,2957.0,2957.0,2/5/2021,5858
2958.0,2958.0,2958.0,2958.0,2/6/2021,49292
2959.0,2959.0,2959.0,2959.0,2/7/2021,8919
2960.0,2960.0,2960.0,2960.0,2/8/2021,48012
2961.0,2961.0,2961.0,2961.0,2/9/2021,-10537
2962.0,2962.0,2962.0,2962.0,2/10/2021,30346
2963.0,2963.0,2963.0,2963.0,2/11/2021,-17556
2964.0,2964.0,2964.0,2964.0,2/12/2021,2802
2965.0,2965.0,2965.0,2965.0,2/13/2021,-20387
2966.0,2966.0,2966.0,2966.0,2/14/2021,74318
2967.0,2967.0,2967.0,2967.0,2/15/2021,43456
2968.0,2968.0,2968.0,2968.0,2/16/2021,65858
2969.0,2969.0,2969.0,2969.0,2/17/2021,9269
2970.0,2970.0,2970.0,2970.0,2/18/2021,42391
2971.0,2971.0,2971.0,2971.0,2/19/2021,49215
2972.0,2972.0,2972.0,2972.0,2/20/2021,84722
2973.0,2973.0,2973.0,2973.0,2/21/2021,-19975
2974.0,2974.0,2974.0,2974.0,2/22/2021,63005
2975.0,2975.0,2975.0,2975.0,2/23/2021,-18353
2976.0,2976.0,2976.0,2976.0,2/24/2021,18939
2977.0,2977.0,2977.0,2977.0,2/25/2021,50665
2978.0,2978.0,2978.0,2978.0,2/26/2021,28187
2979.0,2979.0,2979.0,2979.0,2/27/2021,-27485
2980.0,2980.0,2980.0,2980.0,2/28/2021,34457
2981.0,2981.0,2981.0,2981.0,3/1/2021,-10403
2982.0,2982.0,2982.0,2982.0,3/2/2021,22044
2983.0,2983.0,2983.0,2983.0,3/3/2021,31955
2984.0,2984.0,2984.0,2984.0,3/4/2021,43463
2985.0,2985.0,2985.0,2985.0,3/5/2021,41950
2986.0,2986.0,2986.0,2986.0,3/6/2021,-7018
2987.0,2987.0,2987.0,2987.0,3/7/2021,83131
2988.0,2988.0,2988.0,2988.0,3/8/2021,65096
2989.0,2989.0,2989.0,2989.0,3/9/2021,70345
2990.0,2990.0,2990.0,2990.0,3/10/2021,-8389
2991.0,2991.0,2991.0,2991.0,3/11/2021,6993
2992.0,2992.0,2992.0,2992.0,3/12/2021,11455
2993.0,2993.0,2993.0,2993.0,3/13/2021,12319
2994.0,2994.0,2994.0,2994.0,3/14/2021,-14501
2995.0,2995.0,2995.0,2995.0,3/15/2021,52528
2996.0,2996.0,2996.0,2996.0,3/16/2021,11207
2997.0,2997.0,2997.0,2997.0,3/17/2021,56773
2998.0,2998.0,2998.0,2998.0,3/18/2021,-23408
2999.0,2999.0,2999.0,2999.0,3/19/2021,20559
3000.0,3000.0,3000.0,3000.0,3/20/2021,53931
3001.0,3001.0,3001.0,3001.0,3/21/2021,10045
3002.0,3002.0,3002.0,3002.0,3/22/2021,74444
3003.0,3003.0,3003.0,3003.0,3/23/2021,56005
3004.0,3004.0,3004.0,3004.0,3/24/2021,58931
3005.0,3005.0,3005.0,3005.0,3/25/2021,-20806
3006.0,3006.0,3006.0,3006.0,3/26/2021,19189
3007.0,3007.0,3007.0,3007.0,3/27/2021,-11348
3008.0,3008.0,3008.0,3008.0,3/28/2021,-19850
3009.0,3009.0,3009.0,3009.0,3/29/2021,76224
3010.0,3010.0,3010.0,3010.0,3/30/2021,13852
3011.0,3011.0,3011.0,3011.0,3/31/2021,68825
3012.0,3012.0,3012.0,3012.0,4/1/2021,-15046
3013.0,3013.0,3013.0,3013.0,4/2/2021,79694
3014.0,3014.0,3014.0,3014.0,4/3/2021,-9097
3015.0,3015.0,3015.0,3015.0,4/4/2021,-18733
3016.0,3016.0,3016.0,3016.0,4/5/2021,49268
3017.0,3017.0,3017.0,3017.0,4/6/2021,42268
3018.0,3018.0,3018.0,3018.0,4/7/2021,-23313
3019.0,3019.0,3019.0,3019.0,4/8/2021,-8256
3020.0,3020.0,3020.0,3020.0,4/9/2021,39535
3021.0,3021.0,3021.0,3021.0,4/10/2021,30525
3022.0,3022.0,3022.0,3022.0,4/11/2021,49901
3023.0,3023.0,3023.0,3023.0,4/12/2021,83297
3024.0,3024.0,3024.0,3024.0,4/13/2021,72645
3025.0,3025.0,3025.0,3025.0,4/14/2021,74642
3026.0,3026.0,3026.0,3026.0,4/15/2021,18187
3027.0,3027.0,3027.0,3027.0,4/16/2021,-7580
3028.0,3028.0,3028.0,3028.0,4/17/2021,18901
3029.0,3029.0,3029.0,3029.0,4/18/2021,-12062
3030.0,3030.0,3030.0,3030.0,4/19/2021,65565
3031.0,3031.0,3031.0,3031.0,4/20/2021,58002
3032.0,3032.0,3032.0,3032.0,4/21/2021,-14729
3033.0,3033.0,3033.0,3033.0,4/22/2021,48536
3034.0,3034.0,3034.0,3034.0,4/23/2021,12650
3035.0,3035.0,3035.0,3035.0,4/24/2021,19277
3036.0,3036.0,3036.0,3036.0,4/25/2021,14352
3037.0,3037.0,3037.0,3037.0,4/26/2021,55770
3038.0,3038.0,3038.0,3038.0,4/27/2021,41797
3039.0,3039.0,3039.0,3039.0,4/28/2021,51946
3040.0,3040.0,3040.0,3040.0,4/29/2021,23125
3041.0,3041.0,3041.0,3041.0,4/30/2021,33978
3042.0,3042.0,3042.0,3042.0,5/1/2021,25034
3043.0,3043.0,3043.0,3043.0,5/2/2021,-6871
3044.0,3044.0,3044.0,3044.0,5/3/2021,37425
3045.0,3045.0,3045.0,3045.0,5/4/2021,75191
3046.0,3046.0,3046.0,3046.0,5/5/2021,31436
3047.0,3047.0,3047.0,3047.0,5/6/2021,21996
3048.0,3048.0,3048.0,3048.0,5/7/2021,607
3049.0,3049.0,3049.0,3049.0,5/8/2021,51202
3050.0,3050.0,3050.0,3050.0,5/9/2021,5816
3051.0,3051.0,3051.0,3051.0,5/10/2021,47633
3052.0,3052.0,3052.0,3052.0,5/11/2021,83155
3053.0,3053.0,3053.0,3053.0,5/12/2021,79407
3054.0,3054.0,3054.0,3054.0,5/13/2021,19172
3055.0,3055.0,3055.0,3055.0,5/14/2021,49346
3056.0,3056.0,3056.0,3056.0,5/15/2021,54078
3057.0,3057.0,3057.0,3057.0,5/16/2021,9904
3058.0,3058.0,3058.0,3058.0,5/17/2021,35669
3059.0,3059.0,3059.0,3059.0,5/18/2021,76030
3060.0,3060.0,3060.0,3060.0,5/19/2021,66447
3061.0,3061.0,3061.0,3061.0,5/20/2021,6436
3062.0,3062.0,3062.0,3062.0,5/21/2021,66894
3063.0,3063.0,3063.0,3063.0,5/22/2021,-3850
3064.0,3064.0,3064.0,3064.0,5/23/2021,82175
3065.0,3065.0,3065.0,3065.0,5/24/2021,40243
3066.0,3066.0,3066.0,3066.0,5/25/2021,-11224
3067.0,3067.0,3067.0,3067.0,5/26/2021,34582
3068.0,3068.0,3068.0,3068.0,5/27/2021,-3075
3069.0,3069.0,3069.0,3069.0,5/28/2021,-11587
3070.0,3070.0,3070.0,3070.0,5/29/2021,24644
3071.0,3071.0,3071.0,3071.0,5/30/2021,67164
3072.0,3072.0,3072.0,3072.0,5/31/2021,-124
3073.0,3073.0,3073.0,3073.0,6/1/2021,40295
3074.0,3074.0,3074.0,3074.0,6/2/2021,54319
3075.0,3075.0,3075.0,3075.0,6/3/2021,75836
3076.0,3076.0,3076.0,3076.0,6/4/2021,-23482
3077.0,3077.0,3077.0,3077.0,6/5/2021,11475
3078.0,3078.0,3078.0,3078.0,6/6/2021,-21437
3079.0,3079.0,3079.0,3079.0,6/7/2021,78991
3080.0,3080.0,3080.0,3080.0,6/8/2021,43498
3081.0,3081.0,3081.0,3081.0,6/9/2021,73824
3082.0,3082.0,3082.0,3082.0,6/10/2021,18295
3083.0,3083.0,3083.0,3083.0,6/11/2021,37823
3084.0,3084.0,3084.0,3084.0,6/12/2021,13279
3085.0,3085.0,3085.0,3085.0,6/13/2021,-45
3086.0,3086.0,3086.0,3086.0,6/14/2021,63500
3087.0,3087.0,3087.0,3087.0,6/15/2021,59610
3088.0,3088.0,3088.0,3088.0,6/16/2021,74430
3089.0,3089.0,3089.0,3089.0,6/17/2021,60475
3090.0,3090.0,3090.0,3090.0,6/18/2021,5958
3091.0,3091.0,3091.0,3091.0,6/19/2021,80099
3092.0,3092.0,3092.0,3092.0,6/20/2021,29077
3093.0,3093.0,3093.0,3093.0,6/21/2021,29290
3094.0,3094.0,3094.0,3094.0,6/22/2021,79807
3095.0,3095.0,3095.0,3095.0,6/23/2021,23559
3096.0,3096.0,3096.0,3096.0,6/24/2021,58780
3097.0,3097.0,3097.0,3097.0,6/25/2021,34674
3098.0,3098.0,3098.0,3098.0,6/26/2021,-15940
3099.0,3099.0,3099.0,3099.0,6/27/2021,25564
3100.0,3100.0,3100.0,3100.0,6/28/2021,-17135
3101.0,3101.0,3101.0,3101.0,6/29/2021,35206
3102.0,3102.0,3102.0,3102.0,6/30/2021,74276
3103.0,3103.0,3103.0,3103.0,7/1/2021,16009
3104.0,3104.0,3104.0,3104.0,7/2/2021,35198
3105.0,3105.0,3105.0,3105.0,7/3/2021,38710
3106.0,3106.0,3106.0,3106.0,7/4/2021,34884
3107.0,3107.0,3107.0,3107.0,7/5/2021,-20739
3108.0,3108.0,3108.0,3108.0,7/6/2021,67466
3109.0,3109.0,3109.0,3109.0,7/7/2021,2674
3110.0,3110.0,3110.0,3110.0,7/8/2021,4048
3111.0,3111.0,3111.0,3111.0,7/9/2021,66625
3112.0,3112.0,3112.0,3112.0,7/10/2021,-24684
3113.0,3113.0,3113.0,3113.0,7/11/2021,64734
3114.0,3114.0,3114.0,3114.0,7/12/2021,-24971
3115.0,3115.0,3115.0,3115.0,7/13/2021,26226
3116.0,3116.0,3116.0,3116.0,7/14/2021,24145
3117.0,3117.0,3117.0,3117.0,7/15/2021,44970
3118.0,3118.0,3118.0,3118.0,7/16/2021,15971
3119.0,3119.0,3119.0,3119.0,7/17/2021,-21332
3120.0,3120.0,3120.0,3120.0,7/18/2021,43842
3121.0,3121.0,3121.0,3121.0,7/19/2021,69525
3122.0,3122.0,3122.0,3122.0,7/20/2021,-16462
3123.0,3123.0,3123.0,3123.0,7/21/2021,-24168
3124.0,3124.0,3124.0,3124.0,7/22/2021,7129
3125.0,3125.0,3125.0,3125.0,7/23/2021,13069
3126.0,3126.0,3126.0,3126.0,7/24/2021,52414
3127.0,3127.0,3127.0,3127.0,7/25/2021,73616
3128.0,3128.0,3128.0,3128.0,7/26/2021,4817
3129.0,3129.0,3129.0,3129.0,7/27/2021,-17867
3130.0,3130.0,3130.0,3130.0,7/28/2021,-6140
3131.0,3131.0,3131.0,3131.0,7/29/2021,68412
3132.0,3132.0,3132.0,3132.0,7/30/2021,-5702
3133.0,3133.0,3133.0,3133.0,7/31/2021,-22408
3134.0,3134.0,3134.0,3134.0,8/1/2021,-7534
3135.0,3135.0,3135.0,3135.0,8/2/2021,24431
3136.0,3136.0,3136.0,3136.0,8/3/2021,20877
3137.0,3137.0,3137.0,3137.0,8/4/2021,82306
3138.0,3138.0,3138.0,3138.0,8/5/2021,-3608
3139.0,3139.0,3139.0,3139.0,8/6/2021,57941
3140.0,3140.0,3140.0,3140.0,8/7/2021,68429
3141.0,3141.0,3141.0,3141.0,8/8/2021,1398
3142.0,3142.0,3142.0,3142.0,8/9/2021,74323
3143.0,3143.0,3143.0,3143.0,8/10/2021,-20600
3144.0,3144.0,3144.0,3144.0,8/11/2021,42429
3145.0,3145.0,3145.0,3145.0,8/12/2021,-10714
3146.0,3146.0,3146.0,3146.0,8/13/2021,-4245
3147.0,3147.0,3147.0,3147.0,8/14/2021,-19538
3148.0,3148.0,3148.0,3148.0,8/15/2021,28739
3149.0,3149.0,3149.0,3149.0,8/16/2021,-1176
3150.0,3150.0,3150.0,3150.0,8/17/2021,15056
3151.0,3151.0,3151.0,3151.0,8/18/2021,74550
3152.0,3152.0,3152.0,3152.0,8/19/2021,18784
3153.0,3153.0,3153.0,3153.0,8/20/2021,24339
3154.0,3154.0,3154.0,3154.0,8/21/2021,-5370
3155.0,3155.0,3155.0,3155.0,8/22/2021,74621
3156.0,3156.0,3156.0,3156.0,8/23/2021,-24559
3157.0,3157.0,3157.0,3157.0,8/24/2021,-1212
3158.0,3158.0,3158.0,3158.0,8/25/2021,37068
3159.0,3159.0,3159.0,3159.0,8/26/2021,78901
3160.0,3160.0,3160.0,3160.0,8/27/2021,68368
3161.0,3161.0,3161.0,3161.0,8/28/2021,28987
3162.0,3162.0,3162.0,3162.0,8/29/2021,9222
3163.0,3163.0,3163.0,3163.0,8/30/2021,9952
3164.0,3164.0,3164.0,3164.0,8/31/2021,81642
3165.0,3165.0,3165.0,3165.0,9/1/2021,72461
3166.0,3166.0,3166.0,3166.0,9/2/2021,-304
3167.0,3167.0,3167.0,3167.0,9/3/2021,70331
3168.0,3168.0,3168.0,3168.0,9/4/2021,64332
3169.0,3169.0,3169.0,3169.0,9/5/2021,9104
3170.0,3170.0,3170.0,3170.0,9/6/2021,-168
3171.0,3171.0,3171.0,3171.0,9/7/2021,15467
3172.0,3172.0,3172.0,3172.0,9/8/2021,-13308
3173.0,3173.0,3173.0,3173.0,9/9/2021,7609
3174.0,3174.0,3174.0,3174.0,9/10/2021,59983
3175.0,3175.0,3175.0,3175.0,9/11/2021,-25765
3176.0,3176.0,3176.0,3176.0,9/12/2021,21381
3177.0,3177.0,3177.0,3177.0,9/13/2021,69372
3178.0,3178.0,3178.0,3178.0,9/14/2021,74702
3179.0,3179.0,3179.0,3179.0,9/15/2021,-3974
3180.0,3180.0,3180.0,3180.0,9/16/2021,41386
3181.0,3181.0,3181.0,3181.0,9/17/2021,-13549
3182.0,3182.0,3182.0,3182.0,9/18/2021,15609
3183.0,3183.0,3183.0,3183.0,9/19/2021,43796
3184.0,3184.0,3184.0,3184.0,9/20/2021,82473
3185.0,3185.0,3185.0,3185.0,9/21/2021,77654
3186.0,3186.0,3186.0,3186.0,9/22/2021,76731
3187.0,3187.0,3187.0,3187.0,9/23/2021,-13259
3188.0,3188.0,3188.0,3188.0,9/24/2021,27335
3189.0,3189.0,3189.0,3189.0,9/25/2021,-9672
3190.0,3190.0,3190.0,3190.0,9/26/2021,44733
3191.0,3191.0,3191.0,3191.0,9/27/2021,45894
3192.0,3192.0,3192.0,3192.0,9/28/2021,-26638
3193.0,3193.0,3193.0,3193.0,9/29/2021,26753
3194.0,3194.0,3194.0,3194.0,9/30/2021,58384
3195.0,3195.0,3195.0,3195.0,10/1/2021,-25654
3196.0,3196.0,3196.0,3196.0,10/2/2021,29318
3197.0,3197.0,3197.0,3197.0,10/3/2021,38200
3198.0,3198.0,3198.0,3198.0,10/4/2021,-22078
3199.0,3199.0,3199.0,3199.0,10/5/2021,54636
3200.0,3200.0,3200.0,3200.0,10/6/2021,36156
3201.0,3201.0,3201.0,3201.0,10/7/2021,62936
3202.0,3202.0,3202.0,3202.0,10/8/2021,37461
3203.0,3203.0,3203.0,3203.0,10/9/2021,-4517
3204.0,3204.0,3204.0,3204.0,10/10/2021,61128
3205.0,3205.0,3205.0,3205.0,10/11/2021,-9052
3206.0,3206.0,3206.0,3206.0,10/12/2021,5407
3207.0,3207.0,3207.0,3207.0,10/13/2021,18868
3208.0,3208.0,3208.0,3208.0,10/14/2021,28738
3209.0,3209.0,3209.0,3209.0,10/15/2021,-12743
3210.0,3210.0,3210.0,3210.0,10/16/2021,-367
3211.0,3211.0,3211.0,3211.0,10/17/2021,60717
3212.0,3212.0,3212.0,3212.0,10/18/2021,-23080
3213.0,3213.0,3213.0,3213.0,10/19/2021,74160
3214.0,3214.0,3214.0,3214.0,10/20/2021,60151
3215.0,3215.0,3215.0,3215.0,10/21/2021,46571
3216.0,3216.0,3216.0,3216.0,10/22/2021,-23137
3217.0,3217.0,3217.0,3217.0,10/23/2021,-8588
3218.0,3218.0,3218.0,3218.0,10/24/2021,38227
3219.0,3219.0,3219.0,3219.0,10/25/2021,19455
3220.0,3220.0,3220.0,3220.0,10/26/2021,13957
3221.0,3221.0,3221.0,3221.0,10/27/2021,32316
3222.0,3222.0,3222.0,3222.0,10/28/2021,-24245
3223.0,3223.0,3223.0,3223.0,10/29/2021,-28300
3224.0,3224.0,3224.0,3224.0,10/30/2021,43611
3225.0,3225.0,3225.0,3225.0,10/31/2021,-24032
3226.0,3226.0,3226.0,3226.0,11/1/2021,-19697
3227.0,3227.0,3227.0,3227.0,11/2/2021,17746
3228.0,3228.0,3228.0,3228.0,11/3/2021,10746
3229.0,3229.0,3229.0,3229.0,11/4/2021,54276
3230.0,3230.0,3230.0,3230.0,11/5/2021,33864
3231.0,3231.0,3231.0,3231.0,11/6/2021,-7323
3232.0,3232.0,3232.0,3232.0,11/7/2021,36218
3233.0,3233.0,3233.0,3233.0,11/8/2021,32565
3234.0,3234.0,3234.0,3234.0,11/9/2021,7419
3235.0,3235.0,3235.0,3235.0,11/10/2021,43115
3236.0,3236.0,3236.0,3236.0,11/11/2021,12302
3237.0,3237.0,3237.0,3237.0,11/12/2021,79864
3238.0,3238.0,3238.0,3238.0,11/13/2021,43136
3239.0,3239.0,3239.0,3239.0,11/14/2021,82978
3240.0,3240.0,3240.0,3240.0,11/15/2021,36371
3241.0,3241.0,3241.0,3241.0,11/16/2021,-27328
3242.0,3242.0,3242.0,3242.0,11/17/2021,69352
3243.0,3243.0,3243.0,3243.0,11/18/2021,-29340
3244.0,3244.0,3244.0,3244.0,11/19/2021,40652
3245.0,3245.0,3245.0,3245.0,11/20/2021,-8892
3246.0,3246.0,3246.0,3246.0,11/21/2021,23926
3247.0,3247.0,3247.0,3247.0,11/22/2021,99
3248.0,3248.0,3248.0,3248.0,11/23/2021,46681
3249.0,3249.0,3249.0,3249.0,11/24/2021,15473
3250.0,3250.0,3250.0,3250.0,11/25/2021,-4143
3251.0,3251.0,3251.0,3251.0,11/26/2021,73792
3252.0,3252.0,3252.0,3252.0,11/27/2021,57148
3253.0,3253.0,3253.0,3253.0,11/28/2021,46192
3254.0,3254.0,3254.0,3254.0,11/29/2021,-24186
3255.0,3255.0,3255.0,3255.0,11/30/2021,39015
3256.0,3256.0,3256.0,3256.0,12/1/2021,30753
3257.0,3257.0,3257.0,3257.0,12/2/2021,-10789
3258.0,3258.0,3258.0,3258.0,12/3/2021,18585
3259.0,3259.0,3259.0,3259.0,12/4/2021,3435
3260.0,3260.0,3260.0,3260.0,12/5/2021,58060
3261.0,3261.0,3261.0,3261.0,12/6/2021,75872
3262.0,3262.0,3262.0,3262.0,12/7/2021,-182
3263.0,3263.0,3263.0,3263.0,12/8/2021,35785
3264.0,3264.0,3264.0,3264.0,12/9/2021,52945
3265.0,3265.0,3265.0,3265.0,12/10/2021,-611
3266.0,3266.0,3266.0,3266.0,12/11/2021,1847
3267.0,3267.0,3267.0,3267.0,12/12/2021,20448
3268.0,3268.0,3268.0,3268.0,12/13/2021,24392
3269.0,3269.0,3269.0,3269.0,12/14/2021,6447
3270.0,3270.0,3270.0,3270.0,12/15/2021,-16572
3271.0,3271.0,3271.0,3271.0,12/16/2021,75664
3272.0,3272.0,3272.0,3272.0,12/17/2021,40762
3273.0,3273.0,3273.0,3273.0,12/18/2021,-15830
3274.0,3274.0,3274.0,3274.0,12/19/2021,23482
3275.0,3275.0,3275.0,3275.0,12/20/2021,-8038
3276.0,3276.0,3276.0,3276.0,12/21/2021,-21422
3277.0,3277.0,3277.0,3277.0,12/22/2021,-12959
3278.0,3278.0,3278.0,3278.0,12/23/2021,45519
3279.0,3279.0,3279.0,3279.0,12/24/2021,14580
3280.0,3280.0,3280.0,3280.0,12/25/2021,78106
3281.0,3281.0,3281.0,3281.0,12/26/2021,-14082
3282.0,3282.0,3282.0,3282.0,12/27/2021,43691
3283.0,3283.0,3283.0,3283.0,12/28/2021,-16392
3284.0,3284.0,3284.0,3284.0,12/29/2021,5758
3285.0,3285.0,3285.0,3285.0,12/30/2021,22356
3286.0,3286.0,3286.0,3286.0,12/31/2021,49044
3287.0,3287.0,3287.0,3287.0,1/1/2022,19942
3288.0,3288.0,3288.0,3288.0,1/2/2022,83937
3289.0,3289.0,3289.0,3289.0,1/3/2022,29705
3290.0,3290.0,3290.0,3290.0,1/4/2022,119
3291.0,3291.0,3291.0,3291.0,1/5/2022,74457
3292.0,3292.0,3292.0,3292.0,1/6/2022,1813
3293.0,3293.0,3293.0,3293.0,1/7/2022,8532
3294.0,3294.0,3294.0,3294.0,1/8/2022,76
3295.0,3295.0,3295.0,3295.0,1/9/2022,79662
3296.0,3296.0,3296.0,3296.0,1/10/2022,16396
3297.0,3297.0,3297.0,3297.0,1/11/2022,51416
3298.0,3298.0,3298.0,3298.0,1/12/2022,84411
3299.0,3299.0,3299.0,3299.0,1/13/2022,75146
3300.0,3300.0,3300.0,3300.0,1/14/2022,69023
3301.0,3301.0,3301.0,3301.0,1/15/2022,-10499
3302.0,3302.0,3302.0,3302.0,1/16/2022,-20860
3303.0,3303.0,3303.0,3303.0,1/17/2022,25267
3304.0,3304.0,3304.0,3304.0,1/18/2022,28907
3305.0,3305.0,3305.0,3305.0,1/19/2022,-15602
3306.0,3306.0,3306.0,3306.0,1/20/2022,20129
3307.0,3307.0,3307.0,3307.0,1/21/2022,-25959
3308.0,3308.0,3308.0,3308.0,1/22/2022,6321
3309.0,3309.0,3309.0,3309.0,1/23/2022,75249
3310.0,3310.0,3310.0,3310.0,1/24/2022,75038
3311.0,3311.0,3311.0,3311.0,1/25/2022,58245
3312.0,3312.0,3312.0,3312.0,1/26/2022,-15687
3313.0,3313.0,3313.0,3313.0,1/27/2022,70228
3314.0,3314.0,3314.0,3314.0,1/28/2022,57843
3315.0,3315.0,3315.0,3315.0,1/29/2022,-29
3316.0,3316.0,3316.0,3316.0,1/30/2022,-478
3317.0,3317.0,3317.0,3317.0,1/31/2022,82817
3318.0,3318.0,3318.0,3318.0,2/1/2022,62105
3319.0,3319.0,3319.0,3319.0,2/2/2022,-16443
3320.0,3320.0,3320.0,3320.0,2/3/2022,37324
3321.0,3321.0,3321.0,3321.0,2/4/2022,75437
3322.0,3322.0,3322.0,3322.0,2/5/2022,44634
3323.0,3323.0,3323.0,3323.0,2/6/2022,63639
3324.0,3324.0,3324.0,3324.0,2/7/2022,32077
3325.0,3325.0,3325.0,3325.0,2/8/2022,19355
3326.0,3326.0,3326.0,3326.0,2/9/2022,23054
3327.0,3327.0,3327.0,3327.0,2/10/2022,-8914
3328.0,3328.0,3328.0,3328.0,2/11/2022,50301
3329.0,3329.0,3329.0,3329.0,2/12/2022,637
3330.0,3330.0,3330.0,3330.0,2/13/2022,-4620
3331.0,3331.0,3331.0,3331.0,2/14/2022,3624
3332.0,3332.0,3332.0,3332.0,2/15/2022,-1428
3333.0,3333.0,3333.0,3333.0,2/16/2022,63763
3334.0,3334.0,3334.0,3334.0,2/17/2022,3641
3335.0,3335.0,3335.0,3335.0,2/18/2022,-1192
3336.0,3336.0,3336.0,3336.0,2/19/2022,51038
3337.0,3337.0,3337.0,3337.0,2/20/2022,-16370
3338.0,3338.0,3338.0,3338.0,2/21/2022,-20813
3339.0,3339.0,3339.0,3339.0,2/22/2022,49369
3340.0,3340.0,3340.0,3340.0,2/23/2022,-4589
3341.0,3341.0,3341.0,3341.0,2/24/2022,63599
3342.0,3342.0,3342.0,3342.0,2/25/2022,62759
3343.0,3343.0,3343.0,3343.0,2/26/2022,26956
3344.0,3344.0,3344.0,3344.0,2/27/2022,43528
3345.0,3345.0,3345.0,3345.0,2/28/2022,79913
3346.0,3346.0,3346.0,3346.0,3/1/2022,-9461
3347.0,3347.0,3347.0,3347.0,3/2/2022,73196
3348.0,3348.0,3348.0,3348.0,3/3/2022,11826
3349.0,3349.0,3349.0,3349.0,3/4/2022,76622
3350.0,3350.0,3350.0,3350.0,3/5/2022,18175
3351.0,3351.0,3351.0,3351.0,3/6/2022,71925
3352.0,3352.0,3352.0,3352.0,3/7/2022,-188
3353.0,3353.0,3353.0,3353.0,3/8/2022,60403
3354.0,3354.0,3354.0,3354.0,3/9/2022,14469
3355.0,3355.0,3355.0,3355.0,3/10/2022,-29249
3356.0,3356.0,3356.0,3356.0,3/11/2022,27342
3357.0,3357.0,3357.0,3357.0,3/12/2022,61076
3358.0,3358.0,3358.0,3358.0,3/13/2022,-11565
3359.0,3359.0,3359.0,3359.0,3/14/2022,4863
3360.0,3360.0,3360.0,3360.0,3/15/2022,42912
3361.0,3361.0,3361.0,3361.0,3/16/2022,-25165
3362.0,3362.0,3362.0,3362.0,3/17/2022,-28687
3363.0,3363.0,3363.0,3363.0,3/18/2022,-14398
3364.0,3364.0,3364.0,3364.0,3/19/2022,31917
3365.0,3365.0,3365.0,3365.0,3/20/2022,49345
3366.0,3366.0,3366.0,3366.0,3/21/2022,59080
3367.0,3367.0,3367.0,3367.0,3/22/2022,29810
3368.0,3368.0,3368.0,3368.0,3/23/2022,48873
3369.0,3369.0,3369.0,3369.0,3/24/2022,-7506
3370.0,3370.0,3370.0,3370.0,3/25/2022,16663
3371.0,3371.0,3371.0,3371.0,3/26/2022,18864
3372.0,3372.0,3372.0,3372.0,3/27/2022,-2643
3373.0,3373.0,3373.0,3373.0,3/28/2022,-24566
3374.0,3374.0,3374.0,3374.0,3/29/2022,37336
3375.0,3375.0,3375.0,3375.0,3/30/2022,64799
3376.0,3376.0,3376.0,3376.0,3/31/2022,56641
3377.0,3377.0,3377.0,3377.0,4/1/2022,-5464
3378.0,3378.0,3378.0,3378.0,4/2/2022,-4204
3379.0,3379.0,3379.0,3379.0,4/3/2022,36794
3380.0,3380.0,3380.0,3380.0,4/4/2022,14812
3381.0,3381.0,3381.0,3381.0,4/5/2022,74347
3382.0,3382.0,3382.0,3382.0,4/6/2022,31238
3383.0,3383.0,3383.0,3383.0,4/7/2022,-5715
3384.0,3384.0,3384.0,3384.0,4/8/2022,72209
3385.0,3385.0,3385.0,3385.0,4/9/2022,-1599
3386.0,3386.0,3386.0,3386.0,4/10/2022,909
3387.0,3387.0,3387.0,3387.0,4/11/2022,82803
3388.0,3388.0,3388.0,3388.0,4/12/2022,-6890
3389.0,3389.0,3389.0,3389.0,4/13/2022,69737
3390.0,3390.0,3390.0,3390.0,4/14/2022,25038
3391.0,3391.0,3391.0,3391.0,4/15/2022,39259
3392.0,3392.0,3392.0,3392.0,4/16/2022,79499
3393.0,3393.0,3393.0,3393.0,4/17/2022,61357
3394.0,3394.0,3394.0,3394.0,4/18/2022,64977
3395.0,3395.0,3395.0,3395.0,4/19/2022,12342
3396.0,3396.0,3396.0,3396.0,4/20/2022,76701
3397.0,3397.0,3397.0,3397.0,4/21/2022,-14461
3398.0,3398.0,3398.0,3398.0,4/22/2022,43640
3399.0,3399.0,3399.0,3399.0,4/23/2022,14958
3400.0,3400.0,3400.0,3400.0,4/24/2022,73187
3401.0,3401.0,3401.0,3401.0,4/25/2022,-25288
3402.0,3402.0,3402.0,3402.0,4/26/2022,-12096
3403.0,3403.0,3403.0,3403.0,4/27/2022,36268
3404.0,3404.0,3404.0,3404.0,4/28/2022,11108
3405.0,3405.0,3405.0,3405.0,4/29/2022,-2675
3406.0,3406.0,3406.0,3406.0,4/30/2022,58373
3407.0,3407.0,3407.0,3407.0,5/1/2022,71125
3408.0,3408.0,3408.0,3408.0,5/2/2022,76659
3409.0,3409.0,3409.0,3409.0,5/3/2022,56520
3410.0,3410.0,3410.0,3410.0,5/4/2022,-20283
3411.0,3411.0,3411.0,3411.0,5/5/2022,-6795
3412.0,3412.0,3412.0,3412.0,5/6/2022,26986
3413.0,3413.0,3413.0,3413.0,5/7/2022,-26608
3414.0,3414.0,3414.0,3414.0,5/8/2022,71291
3415.0,3415.0,3415.0,3415.0,5/9/2022,-9679
3416.0,3416.0,3416.0,3416.0,5/10/2022,59551
3417.0,3417.0,3417.0,3417.0,5/11/2022,1927
3418.0,3418.0,3418.0,3418.0,5/12/2022,64260
3419.0,3419.0,3419.0,3419.0,5/13/2022,82382
3420.0,3420.0,3420.0,3420.0,5/14/2022,22259
3421.0,3421.0,3421.0,3421.0,5/15/2022,19215
3422.0,3422.0,3422.0,3422.0,5/16/2022,-13887
3423.0,3423.0,3423.0,3423.0,5/17/2022,71558
3424.0,3424.0,3424.0,3424.0,5/18/2022,71411
3425.0,3425.0,3425.0,3425.0,5/19/2022,51521
3426.0,3426.0,3426.0,3426.0,5/20/2022,39510
3427.0,3427.0,3427.0,3427.0,5/21/2022,62545
3428.0,3428.0,3428.0,3428.0,5/22/2022,29715
3429.0,3429.0,3429.0,3429.0,5/23/2022,-5037
3430.0,3430.0,3430.0,3430.0,5/24/2022,80979
3431.0,3431.0,3431.0,3431.0,5/25/2022,-28856
3432.0,3432.0,3432.0,3432.0,5/26/2022,55831
3433.0,3433.0,3433.0,3433.0,5/27/2022,49401
3434.0,3434.0,3434.0,3434.0,5/28/2022,32910
3435.0,3435.0,3435.0,3435.0,5/29/2022,8191
3436.0,3436.0,3436.0,3436.0,5/30/2022,20732
3437.0,3437.0,3437.0,3437.0,5/31/2022,59995
3438.0,3438.0,3438.0,3438.0,6/1/2022,-21999
3439.0,3439.0,3439.0,3439.0,6/2/2022,-12591
3440.0,3440.0,3440.0,3440.0,6/3/2022,52921
3441.0,3441.0,3441.0,3441.0,6/4/2022,65332
3442.0,3442.0,3442.0,3442.0,6/5/2022,83558
3443.0,3443.0,3443.0,3443.0,6/6/2022,80777
3444.0,3444.0,3444.0,3444.0,6/7/2022,-1412
3445.0,3445.0,3445.0,3445.0,6/8/2022,15184
3446.0,3446.0,3446.0,3446.0,6/9/2022,-334
3447.0,3447.0,3447.0,3447.0,6/10/2022,46471
3448.0,3448.0,3448.0,3448.0,6/11/2022,-7127
3449.0,3449.0,3449.0,3449.0,6/12/2022,28864
3450.0,3450.0,3450.0,3450.0,6/13/2022,53658
3451.0,3451.0,3451.0,3451.0,6/14/2022,44503
3452.0,3452.0,3452.0,3452.0,6/15/2022,12942
3453.0,3453.0,3453.0,3453.0,6/16/2022,5122
3454.0,3454.0,3454.0,3454.0,6/17/2022,66812
3455.0,3455.0,3455.0,3455.0,6/18/2022,-16882
3456.0,3456.0,3456.0,3456.0,6/19/2022,-4813
3457.0,3457.0,3457.0,3457.0,6/20/2022,59270
3458.0,3458.0,3458.0,3458.0,6/21/2022,-5576
3459.0,3459.0,3459.0,3459.0,6/22/2022,-18456
3460.0,3460.0,3460.0,3460.0,6/23/2022,67529
3461.0,3461.0,3461.0,3461.0,6/24/2022,36364
3462.0,3462.0,3462.0,3462.0,6/25/2022,52369
3463.0,3463.0,3463.0,3463.0,6/26/2022,67920
3464.0,3464.0,3464.0,3464.0,6/27/2022,50326
3465.0,3465.0,3465.0,3465.0,6/28/2022,-7727
3466.0,3466.0,3466.0,3466.0,6/29/2022,66832
3467.0,3467.0,3467.0,3467.0,6/30/2022,65416
3468.0,3468.0,3468.0,3468.0,7/1/2022,14516
3469.0,3469.0,3469.0,3469.0,7/2/2022,323
3470.0,3470.0,3470.0,3470.0,7/3/2022,38331
3471.0,3471.0,3471.0,3471.0,7/4/2022,57398
3472.0,3472.0,3472.0,3472.0,7/5/2022,-25357
3473.0,3473.0,3473.0,3473.0,7/6/2022,36960
3474.0,3474.0,3474.0,3474.0,7/7/2022,84947
3475.0,3475.0,3475.0,3475.0,7/8/2022,-23951
3476.0,3476.0,3476.0,3476.0,7/9/2022,33286
3477.0,3477.0,3477.0,3477.0,7/10/2022,7583
3478.0,3478.0,3478.0,3478.0,7/11/2022,79396
3479.0,3479.0,3479.0,3479.0,7/12/2022,76917
3480.0,3480.0,3480.0,3480.0,7/13/2022,-20233
3481.0,3481.0,3481.0,3481.0,7/14/2022,75489
3482.0,3482.0,3482.0,3482.0,7/15/2022,3898
3483.0,3483.0,3483.0,3483.0,7/16/2022,-15140
3484.0,3484.0,3484.0,3484.0,7/17/2022,6556
3485.0,3485.0,3485.0,3485.0,7/18/2022,49395
3486.0,3486.0,3486.0,3486.0,7/19/2022,37894
3487.0,3487.0,3487.0,3487.0,7/20/2022,56369
3488.0,3488.0,3488.0,3488.0,7/21/2022,-4542
3489.0,3489.0,3489.0,3489.0,7/22/2022,-29451
3490.0,3490.0,3490.0,3490.0,7/23/2022,-4648
3491.0,3491.0,3491.0,3491.0,7/24/2022,-10742
3492.0,3492.0,3492.0,3492.0,7/25/2022,53847
3493.0,3493.0,3493.0,3493.0,7/26/2022,20837
3494.0,3494.0,3494.0,3494.0,7/27/2022,-13192
3495.0,3495.0,3495.0,3495.0,7/28/2022,5043
3496.0,3496.0,3496.0,3496.0,7/29/2022,-27301
3497.0,3497.0,3497.0,3497.0,7/30/2022,56320
3498.0,3498.0,3498.0,3498.0,7/31/2022,58315
3499.0,3499.0,3499.0,3499.0,8/1/2022,10854
3500.0,3500.0,3500.0,3500.0,8/2/2022,22067
3501.0,3501.0,3501.0,3501.0,8/3/2022,79671
3502.0,3502.0,3502.0,3502.0,8/4/2022,15216
3503.0,3503.0,3503.0,3503.0,8/5/2022,45175
3504.0,3504.0,3504.0,3504.0,8/6/2022,35986
3505.0,3505.0,3505.0,3505.0,8/7/2022,77176
3506.0,3506.0,3506.0,3506.0,8/8/2022,22085
3507.0,3507.0,3507.0,3507.0,8/9/2022,21921
3508.0,3508.0,3508.0,3508.0,8/10/2022,13101
3509.0,3509.0,3509.0,3509.0,8/11/2022,63371
3510.0,3510.0,3510.0,3510.0,8/12/2022,57347
3511.0,3511.0,3511.0,3511.0,8/13/2022,-11907
3512.0,3512.0,3512.0,3512.0,8/14/2022,45084
3513.0,3513.0,3513.0,3513.0,8/15/2022,-4345
3514.0,3514.0,3514.0,3514.0,8/16/2022,-20933
3515.0,3515.0,3515.0,3515.0,8/17/2022,-12139
3516.0,3516.0,3516.0,3516.0,8/18/2022,33631
3517.0,3517.0,3517.0,3517.0,8/19/2022,8912
3518.0,3518.0,3518.0,3518.0,8/20/2022,32131
3519.0,3519.0,3519.0,3519.0,8/21/2022,16083
3520.0,3520.0,3520.0,3520.0,8/22/2022,13966
3521.0,3521.0,3521.0,3521.0,8/23/2022,38519
3522.0,3522.0,3522.0,3522.0,8/24/2022,52841
3523.0,3523.0,3523.0,3523.0,8/25/2022,69691
3524.0,3524.0,3524.0,3524.0,8/26/2022,73646
3525.0,3525.0,3525.0,3525.0,8/27/2022,69123
3526.0,3526.0,3526.0,3526.0,8/28/2022,11723
3527.0,3527.0,3527.0,3527.0,8/29/2022,16235
3528.0,3528.0,3528.0,3528.0,8/30/2022,11465
3529.0,3529.0,3529.0,3529.0,8/31/2022,31688
3530.0,3530.0,3530.0,3530.0,9/1/2022,48764
3531.0,3531.0,3531.0,3531.0,9/2/2022,17900
3532.0,3532.0,3532.0,3532.0,9/3/2022,7841
3533.0,3533.0,3533.0,3533.0,9/4/2022,11193
3534.0,3534.0,3534.0,3534.0,9/5/2022,34114
3535.0,3535.0,3535.0,3535.0,9/6/2022,50126
3536.0,3536.0,3536.0,3536.0,9/7/2022,-20263
3537.0,3537.0,3537.0,3537.0,9/8/2022,-6498
3538.0,3538.0,3538.0,3538.0,9/9/2022,12720
3539.0,3539.0,3539.0,3539.0,9/10/2022,65545
3540.0,3540.0,3540.0,3540.0,9/11/2022,82044
3541.0,3541.0,3541.0,3541.0,9/12/2022,27074
3542.0,3542.0,3542.0,3542.0,9/13/2022,-9929
3543.0,3543.0,3543.0,3543.0,9/14/2022,-845
3544.0,3544.0,3544.0,3544.0,9/15/2022,9520
3545.0,3545.0,3545.0,3545.0,9/16/2022,34879
3546.0,3546.0,3546.0,3546.0,9/17/2022,62404
3547.0,3547.0,3547.0,3547.0,9/18/2022,2961
3548.0,3548.0,3548.0,3548.0,9/19/2022,-16989
3549.0,3549.0,3549.0,3549.0,9/20/2022,79594
3550.0,3550.0,3550.0,3550.0,9/21/2022,48383
3551.0,3551.0,3551.0,3551.0,9/22/2022,48869
3552.0,3552.0,3552.0,3552.0,9/23/2022,12431
3553.0,3553.0,3553.0,3553.0,9/24/2022,-14426
3554.0,3554.0,3554.0,3554.0,9/25/2022,-11011
3555.0,3555.0,3555.0,3555.0,9/26/2022,63993
3556.0,3556.0,3556.0,3556.0,9/27/2022,72332
3557.0,3557.0,3557.0,3557.0,9/28/2022,-2236
3558.0,3558.0,3558.0,3558.0,9/29/2022,2365
3559.0,3559.0,3559.0,3559.0,9/30/2022,82392
3560.0,3560.0,3560.0,3560.0,10/1/2022,58298
3561.0,3561.0,3561.0,3561.0,10/2/2022,62877
3562.0,3562.0,3562.0,3562.0,10/3/2022,49919
3563.0,3563.0,3563.0,3563.0,10/4/2022,58378
3564.0,3564.0,3564.0,3564.0,10/5/2022,65417
3565.0,3565.0,3565.0,3565.0,10/6/2022,42859
3566.0,3566.0,3566.0,3566.0,10/7/2022,-13114
3567.0,3567.0,3567.0,3567.0,10/8/2022,32868
3568.0,3568.0,3568.0,3568.0,10/9/2022,29857
3569.0,3569.0,3569.0,3569.0,10/10/2022,42011
3570.0,3570.0,3570.0,3570.0,10/11/2022,8563
3571.0,3571.0,3571.0,3571.0,10/12/2022,-3758
3572.0,3572.0,3572.0,3572.0,10/13/2022,66452
3573.0,3573.0,3573.0,3573.0,10/14/2022,33251
3574.0,3574.0,3574.0,3574.0,10/15/2022,60113
3575.0,3575.0,3575.0,3575.0,10/16/2022,-11371
3576.0,3576.0,3576.0,3576.0,10/17/2022,9697
3577.0,3577.0,3577.0,3577.0,10/18/2022,49305
3578.0,3578.0,3578.0,3578.0,10/19/2022,30462
3579.0,3579.0,3579.0,3579.0,10/20/2022,37482
3580.0,3580.0,3580.0,3580.0,10/21/2022,66918
3581.0,3581.0,3581.0,3581.0,10/22/2022,67879
3582.0,3582.0,3582.0,3582.0,10/23/2022,62874
3583.0,3583.0,3583.0,3583.0,10/24/2022,25847
3584.0,3584.0,3584.0,3584.0,10/25/2022,70981
3585.0,3585.0,3585.0,3585.0,10/26/2022,25865
3586.0,3586.0,3586.0,3586.0,10/27/2022,-20837
3587.0,3587.0,3587.0,3587.0,10/28/2022,50398
3588.0,3588.0,3588.0,3588.0,10/29/2022,5230
3589.0,3589.0,3589.0,3589.0,10/30/2022,19141
3590.0,3590.0,3590.0,3590.0,10/31/2022,733
3591.0,3591.0,3591.0,3591.0,11/1/2022,52595
3592.0,3592.0,3592.0,3592.0,11/2/2022,47159
3593.0,3593.0,3593.0,3593.0,11/3/2022,29893
3594.0,3594.0,3594.0,3594.0,11/4/2022,-3996
3595.0,3595.0,3595.0,3595.0,11/5/2022,57893
3596.0,3596.0,3596.0,3596.0,11/6/2022,-6361
3597.0,3597.0,3597.0,3597.0,11/7/2022,-19333
3598.0,3598.0,3598.0,3598.0,11/8/2022,7475
3599.0,3599.0,3599.0,3599.0,11/9/2022,12992
3600.0,3600.0,3600.0,3600.0,11/10/2022,43275
3601.0,3601.0,3601.0,3601.0,11/11/2022,-27706
3602.0,3602.0,3602.0,3602.0,11/12/2022,37662
3603.0,3603.0,3603.0,3603.0,11/13/2022,-11768
3604.0,3604.0,3604.0,3604.0,11/14/2022,67967
3605.0,3605.0,3605.0,3605.0,11/15/2022,46414
3606.0,3606.0,3606.0,3606.0,11/16/2022,84923
3607.0,3607.0,3607.0,3607.0,11/17/2022,82781
3608.0,3608.0,3608.0,3608.0,11/18/2022,-15905
3609.0,3609.0,3609.0,3609.0,11/19/2022,12288
3610.0,3610.0,3610.0,3610.0,11/20/2022,38129
3611.0,3611.0,3611.0,3611.0,11/21/2022,-11336
3612.0,3612.0,3612.0,3612.0,11/22/2022,5026
3613.0,3613.0,3613.0,3613.0,11/23/2022,50759
3614.0,3614.0,3614.0,3614.0,11/24/2022,464
3615.0,3615.0,3615.0,3615.0,11/25/2022,81805
3616.0,3616.0,3616.0,3616.0,11/26/2022,47929
3617.0,3617.0,3617.0,3617.0,11/27/2022,-10208
3618.0,3618.0,3618.0,3618.0,11/28/2022,25161
3619.0,3619.0,3619.0,3619.0,11/29/2022,-27777
3620.0,3620.0,3620.0,3620.0,11/30/2022,2457
3621.0,3621.0,3621.0,3621.0,12/1/2022,-25284
3622.0,3622.0,3622.0,3622.0,12/2/2022,-4233
3623.0,3623.0,3623.0,3623.0,12/3/2022,42996
3624.0,3624.0,3624.0,3624.0,12/4/2022,-5197
3625.0,3625.0,3625.0,3625.0,12/5/2022,4289
3626.0,3626.0,3626.0,3626.0,12/6/2022,45616
3627.0,3627.0,3627.0,3627.0,12/7/2022,69409
3628.0,3628.0,3628.0,3628.0,12/8/2022,45059
3629.0,3629.0,3629.0,3629.0,12/9/2022,9764
3630.0,3630.0,3630.0,3630.0,12/10/2022,41874
3631.0,3631.0,3631.0,3631.0,12/11/2022,60573
3632.0,3632.0,3632.0,3632.0,12/12/2022,-6877
3633.0,3633.0,3633.0,3633.0,12/13/2022,-23891
3634.0,3634.0,3634.0,3634.0,12/14/2022,46342
3635.0,3635.0,3635.0,3635.0,12/15/2022,74372
3636.0,3636.0,3636.0,3636.0,12/16/2022,80838
3637.0,3637.0,3637.0,3637.0,12/17/2022,51153
3638.0,3638.0,3638.0,3638.0,12/18/2022,-38
3639.0,3639.0,3639.0,3639.0,12/19/2022,74217
3640.0,3640.0,3640.0,3640.0,12/20/2022,56562
3641.0,3641.0,3641.0,3641.0,12/21/2022,80435
3642.0,3642.0,3642.0,3642.0,12/22/2022,-848
3643.0,3643.0,3643.0,3643.0,12/23/2022,-17251
3644.0,3644.0,3644.0,3644.0,12/24/2022,-5018
3645.0,3645.0,3645.0,3645.0,12/25/2022,41997
3646.0,3646.0,3646.0,3646.0,12/26/2022,72674
3647.0,3647.0,3647.0,3647.0,12/27/2022,10676
3648.0,3648.0,3648.0,3648.0,12/28/2022,41756
3649.0,3649.0,3649.0,3649.0,12/29/2022,34432
3650.0,3650.0,3650.0,3650.0,12/30/2022,76596
3651.0,3651.0,3651.0,3651.0,12/31/2022,-11820
3652.0,3652.0,3652.0,3652.0,1/1/2023,6573
3653.0,3653.0,3653.0,3653.0,1/2/2023,3468
3654.0,3654.0,3654.0,3654.0,1/3/2023,
3655.0,3655.0,3655.0,3655.0,1/4/2023,
3656.0,3656.0,3656.0,3656.0,1/5/2023,
3657.0,3657.0,3657.0,3657.0,1/6/2023,
3658.0,3658.0,3658.0,3658.0,1/7/2023,
3659.0,3659.0,3659.0,3659.0,1/8/2023,
3660.0,3660.0,3660.0,3660.0,1/9/2023,
3661.0,3661.0,3661.0,3661.0,1/10/2023,
3662.0,3662.0,3662.0,3662.0,1/11/2023,
3663.0,3663.0,3663.0,3663.0,1/12/2023,
3664.0,3664.0,3664.0,3664.0,1/13/2023,
3665.0,3665.0,3665.0,3665.0,1/14/2023,
3666.0,3666.0,3666.0,3666.0,1/15/2023,
3667.0,3667.0,3667.0,3667.0,1/16/2023,2244
3668.0,3668.0,3668.0,3668.0,1/17/2023,2454
3669.0,3669.0,3669.0,3669.0,1/12/2023,5454
3670.0,3670.0,3670.0,3670.0,"[datetime.date(2023, 1, 1), '2454']",
3671.0,3671.0,3671.0,3671.0,"[datetime.date(2023, 1, 2), '2656']",
3672.0,3672.0,3672.0,3672.0,"[datetime.date(2023, 1, 3), '3567']",
3673.0,3673.0,3673.0,3673.0,1/1/2023,4345
3674.0,3674.0,3674.0,3674.0,1/20/2023,8394
3675.0,3675.0,3675.0,3675.0,1/1/2023,4356
3676.0,3676.0,3676.0,3676.0,,yarb
3677.0,3677.0,3677.0,3677.0,,yarb
3678.0,3678.0,3678.0,3678.0,,67666
3679.0,3679.0,3679.0,4027.0,,24
3680.0,3680.0,4017.0,,,5
124.5,,,,,4332325325425435
