,date,sales
0,1/1/2015,-57109.0
1,1/2/2015,75313.0
2,1/3/2015,43683.0
3,1/4/2015,-53671.0
4,1/5/2015,50886.0
5,1/6/2015,-59190.0
6,1/7/2015,97365.0
7,1/8/2015,41974.0
8,1/9/2015,24895.0
9,1/10/2015,-35331.0
10,1/11/2015,-64352.0
11,1/12/2015,29219.0
12,1/13/2015,-32609.0
13,1/14/2015,16517.0
14,1/15/2015,46860.0
15,1/16/2015,71291.0
16,1/17/2015,61137.0
17,1/18/2015,41680.0
18,1/19/2015,-63172.0
19,1/20/2015,-29341.0
20,1/21/2015,56890.0
21,1/22/2015,-37282.0
22,1/23/2015,-27615.0
23,1/24/2015,87498.0
24,1/25/2015,-8354.0
25,1/26/2015,-24554.0
26,1/27/2015,-59887.0
27,1/28/2015,15807.0
28,1/29/2015,85978.0
29,1/30/2015,-67466.0
30,1/31/2015,24966.0
31,2/1/2015,20967.0
32,2/2/2015,23883.0
33,2/3/2015,-15945.0
34,2/4/2015,19898.0
35,2/5/2015,30523.0
36,2/6/2015,-13906.0
37,2/7/2015,-48600.0
38,2/8/2015,53998.0
39,2/9/2015,87479.0
40,2/10/2015,-4560.0
41,2/11/2015,-29629.0
42,2/12/2015,71375.0
43,2/13/2015,-31886.0
44,2/14/2015,98160.0
45,2/15/2015,-39538.0
46,2/16/2015,68376.0
47,2/17/2015,13201.0
48,2/18/2015,62677.0
49,2/19/2015,-41886.0
50,2/20/2015,-25500.0
51,2/21/2015,11698.0
52,2/22/2015,-55750.0
53,2/23/2015,82242.0
54,2/24/2015,-37916.0
55,2/25/2015,-29983.0
56,2/26/2015,4970.0
57,2/27/2015,20140.0
58,2/28/2015,97674.0
59,3/1/2015,33515.0
60,3/2/2015,46289.0
61,3/3/2015,77523.0
62,3/4/2015,-35751.0
63,3/5/2015,35589.0
64,3/6/2015,46488.0
65,3/7/2015,-65164.0
66,3/8/2015,98480.0
67,3/9/2015,-29992.0
68,3/10/2015,18375.0
69,3/11/2015,42524.0
70,3/12/2015,29253.0
71,3/13/2015,-18534.0
72,3/14/2015,73693.0
73,3/15/2015,-15954.0
74,3/16/2015,23138.0
75,3/17/2015,64082.0
76,3/18/2015,5982.0
77,3/19/2015,-27178.0
78,3/20/2015,-38514.0
79,3/21/2015,-45492.0
80,3/22/2015,-222.0
81,3/23/2015,-47271.0
82,3/24/2015,97423.0
83,3/25/2015,43816.0
84,3/26/2015,-22909.0
85,3/27/2015,87063.0
86,3/28/2015,56417.0
87,3/29/2015,-24466.0
88,3/30/2015,-65836.0
89,3/31/2015,19224.0
90,4/1/2015,-48465.0
91,4/2/2015,76741.0
92,4/3/2015,-29108.0
93,4/4/2015,48862.0
94,4/5/2015,41195.0
95,4/6/2015,17718.0
96,4/7/2015,-150.0
97,4/8/2015,97533.0
98,4/9/2015,87944.0
99,4/10/2015,65402.0
100,4/11/2015,16333.0
101,4/12/2015,58124.0
102,4/13/2015,-65200.0
103,4/14/2015,48658.0
104,4/15/2015,97576.0
105,4/16/2015,70621.0
106,4/17/2015,90321.0
107,4/18/2015,54913.0
108,4/19/2015,28113.0
109,4/20/2015,-19911.0
110,4/21/2015,19223.0
111,4/22/2015,-15154.0
112,4/23/2015,94543.0
113,4/24/2015,39977.0
114,4/25/2015,-26656.0
115,4/26/2015,-9123.0
116,4/27/2015,-50249.0
117,4/28/2015,26539.0
118,4/29/2015,-51967.0
119,4/30/2015,-24299.0
120,5/1/2015,-50562.0
121,5/2/2015,47564.0
122,5/3/2015,-17069.0
123,5/4/2015,-28139.0
124,5/5/2015,-57337.0
125,5/6/2015,93150.0
126,5/7/2015,-58271.0
127,5/8/2015,-35399.0
128,5/9/2015,30756.0
129,5/10/2015,67721.0
130,5/11/2015,70288.0
131,5/12/2015,-49831.0
132,5/13/2015,32803.0
133,5/14/2015,-1900.0
134,5/15/2015,19898.0
135,5/16/2015,-22157.0
136,5/17/2015,44578.0
137,5/18/2015,24995.0
138,5/19/2015,10994.0
139,5/20/2015,-19016.0
140,5/21/2015,31444.0
141,5/22/2015,86877.0
142,5/23/2015,-19684.0
143,5/24/2015,2827.0
144,5/25/2015,-65680.0
145,5/26/2015,37086.0
146,5/27/2015,9544.0
147,5/28/2015,82063.0
148,5/29/2015,33257.0
149,5/30/2015,25243.0
150,5/31/2015,10680.0
151,6/1/2015,-58266.0
152,6/2/2015,5368.0
153,6/3/2015,58241.0
154,6/4/2015,28991.0
155,6/5/2015,98761.0
156,6/6/2015,42158.0
157,6/7/2015,35665.0
158,6/8/2015,-14474.0
159,6/9/2015,-26638.0
160,6/10/2015,69876.0
161,6/11/2015,58573.0
162,6/12/2015,-38600.0
163,6/13/2015,85256.0
164,6/14/2015,-25557.0
165,6/15/2015,-41029.0
166,6/16/2015,95670.0
167,6/17/2015,22935.0
168,6/18/2015,43114.0
169,6/19/2015,-50640.0
170,6/20/2015,-19895.0
171,6/21/2015,98545.0
172,6/22/2015,-40701.0
173,6/23/2015,-9680.0
174,6/24/2015,75224.0
175,6/25/2015,-34488.0
176,6/26/2015,-49227.0
177,6/27/2015,62795.0
178,6/28/2015,1520.0
179,6/29/2015,78626.0
180,6/30/2015,-46392.0
181,7/1/2015,62462.0
182,7/2/2015,-31666.0
183,7/3/2015,90013.0
184,7/4/2015,-67547.0
185,7/5/2015,82591.0
186,7/6/2015,33329.0
187,7/7/2015,-29691.0
188,7/8/2015,89885.0
189,7/9/2015,-60201.0
190,7/10/2015,58883.0
191,7/11/2015,16825.0
192,7/12/2015,2732.0
193,7/13/2015,-34722.0
194,7/14/2015,90348.0
195,7/15/2015,95759.0
196,7/16/2015,46124.0
197,7/17/2015,81529.0
198,7/18/2015,26712.0
199,7/19/2015,96357.0
200,7/20/2015,-68542.0
201,7/21/2015,-48752.0
202,7/22/2015,-12535.0
203,7/23/2015,5781.0
204,7/24/2015,7847.0
205,7/25/2015,-60316.0
206,7/26/2015,17863.0
207,7/27/2015,75391.0
208,7/28/2015,24606.0
209,7/29/2015,59294.0
210,7/30/2015,23581.0
211,7/31/2015,-12998.0
212,8/1/2015,54440.0
213,8/2/2015,75864.0
214,8/3/2015,-11094.0
215,8/4/2015,90129.0
216,8/5/2015,28070.0
217,8/6/2015,80750.0
218,8/7/2015,-68822.0
219,8/8/2015,-17874.0
220,8/9/2015,-64481.0
221,8/10/2015,-48190.0
222,8/11/2015,-46064.0
223,8/12/2015,-24451.0
224,8/13/2015,-5204.0
225,8/14/2015,81060.0
226,8/15/2015,90199.0
227,8/16/2015,-6316.0
228,8/17/2015,-11293.0
229,8/18/2015,97477.0
230,8/19/2015,-3157.0
231,8/20/2015,17490.0
232,8/21/2015,72800.0
233,8/22/2015,-67051.0
234,8/23/2015,70654.0
235,8/24/2015,54974.0
236,8/25/2015,-63416.0
237,8/26/2015,92995.0
238,8/27/2015,18177.0
239,8/28/2015,98596.0
240,8/29/2015,84194.0
241,8/30/2015,-55137.0
242,8/31/2015,42795.0
243,9/1/2015,69403.0
244,9/2/2015,-4239.0
245,9/3/2015,12814.0
246,9/4/2015,-60833.0
247,9/5/2015,-31928.0
248,9/6/2015,68623.0
249,9/7/2015,75076.0
250,9/8/2015,22199.0
251,9/9/2015,28834.0
252,9/10/2015,-297.0
253,9/11/2015,34582.0
254,9/12/2015,291.0
255,9/13/2015,-36983.0
256,9/14/2015,-23079.0
257,9/15/2015,-67515.0
258,9/16/2015,30546.0
259,9/17/2015,-20777.0
260,9/18/2015,79346.0
261,9/19/2015,66998.0
262,9/20/2015,43450.0
263,9/21/2015,9725.0
264,9/22/2015,47498.0
265,9/23/2015,64185.0
266,9/24/2015,-60740.0
267,9/25/2015,1676.0
268,9/26/2015,60817.0
269,9/27/2015,-51425.0
270,9/28/2015,-19559.0
271,9/29/2015,28396.0
272,9/30/2015,-39891.0
273,10/1/2015,99796.0
274,10/2/2015,-4429.0
275,10/3/2015,-35167.0
276,10/4/2015,-36319.0
277,10/5/2015,91537.0
278,10/6/2015,-21080.0
279,10/7/2015,67375.0
280,10/8/2015,-22074.0
281,10/9/2015,29021.0
282,10/10/2015,-4532.0
283,10/11/2015,81424.0
284,10/12/2015,35102.0
285,10/13/2015,-54966.0
286,10/14/2015,-17446.0
287,10/15/2015,-54549.0
288,10/16/2015,38104.0
289,10/17/2015,-57724.0
290,10/18/2015,-59912.0
291,10/19/2015,-39732.0
292,10/20/2015,56324.0
293,10/21/2015,2696.0
294,10/22/2015,-20084.0
295,10/23/2015,40664.0
296,10/24/2015,84496.0
297,10/25/2015,31493.0
298,10/26/2015,-62558.0
299,10/27/2015,-29994.0
300,10/28/2015,94263.0
301,10/29/2015,-9302.0
302,10/30/2015,94993.0
303,10/31/2015,-24935.0
304,11/1/2015,86517.0
305,11/2/2015,45559.0
306,11/3/2015,-10884.0
307,11/4/2015,4755.0
308,11/5/2015,84318.0
309,11/6/2015,50134.0
310,11/7/2015,43418.0
311,11/8/2015,46993.0
312,11/9/2015,70552.0
313,11/10/2015,18580.0
314,11/11/2015,21703.0
315,11/12/2015,78037.0
316,11/13/2015,45660.0
317,11/14/2015,-40399.0
318,11/15/2015,21443.0
319,11/16/2015,13363.0
320,11/17/2015,-47858.0
321,11/18/2015,-31306.0
322,11/19/2015,-60727.0
323,11/20/2015,16847.0
324,11/21/2015,57608.0
325,11/22/2015,31288.0
326,11/23/2015,59065.0
327,11/24/2015,97294.0
328,11/25/2015,98850.0
329,11/26/2015,-55834.0
330,11/27/2015,34175.0
331,11/28/2015,-28917.0
332,11/29/2015,57220.0
333,11/30/2015,54088.0
334,12/1/2015,81671.0
335,12/2/2015,35295.0
336,12/3/2015,-8163.0
337,12/4/2015,-22063.0
338,12/5/2015,-4831.0
339,12/6/2015,-1397.0
340,12/7/2015,-68416.0
341,12/8/2015,-51401.0
342,12/9/2015,-43074.0
343,12/10/2015,25286.0
344,12/11/2015,379.0
345,12/12/2015,88685.0
346,12/13/2015,19231.0
347,12/14/2015,-14739.0
348,12/15/2015,7077.0
349,12/16/2015,-5678.0
350,12/17/2015,-39201.0
351,12/18/2015,-67186.0
352,12/19/2015,12896.0
353,12/20/2015,8430.0
354,12/21/2015,97573.0
355,12/22/2015,50442.0
356,12/23/2015,-54256.0
357,12/24/2015,-67666.0
358,12/25/2015,30527.0
359,12/26/2015,13770.0
360,12/27/2015,5332.0
361,12/28/2015,87217.0
362,12/29/2015,68151.0
363,12/30/2015,25270.0
364,12/31/2015,-37257.0
365,1/1/2016,-17925.0
366,1/2/2016,-59361.0
367,1/3/2016,21948.0
368,1/4/2016,-30205.0
369,1/5/2016,46375.0
370,1/6/2016,-9563.0
371,1/7/2016,6072.0
372,1/8/2016,-2195.0
373,1/9/2016,-11170.0
374,1/10/2016,25428.0
375,1/11/2016,-6417.0
376,1/12/2016,66922.0
377,1/13/2016,-47944.0
378,1/14/2016,95142.0
379,1/15/2016,68051.0
380,1/16/2016,96940.0
381,1/17/2016,56840.0
382,1/18/2016,-50724.0
383,1/19/2016,-56496.0
384,1/20/2016,-67057.0
385,1/21/2016,61167.0
386,1/22/2016,37207.0
387,1/23/2016,55935.0
388,1/24/2016,48523.0
389,1/25/2016,-55153.0
390,1/26/2016,31208.0
391,1/27/2016,-4997.0
392,1/28/2016,95938.0
393,1/29/2016,-63616.0
394,1/30/2016,5209.0
395,1/31/2016,7933.0
396,2/1/2016,14953.0
397,2/2/2016,12804.0
398,2/3/2016,52188.0
399,2/4/2016,49247.0
400,2/5/2016,55443.0
401,2/6/2016,97399.0
402,2/7/2016,-64355.0
403,2/8/2016,-5113.0
404,2/9/2016,61815.0
405,2/10/2016,-21282.0
406,2/11/2016,-5241.0
407,2/12/2016,74206.0
408,2/13/2016,73197.0
409,2/14/2016,-53407.0
410,2/15/2016,95613.0
411,2/16/2016,8266.0
412,2/17/2016,-7156.0
413,2/18/2016,44976.0
414,2/19/2016,-38517.0
415,2/20/2016,-58633.0
416,2/21/2016,34444.0
417,2/22/2016,20873.0
418,2/23/2016,-51421.0
419,2/24/2016,-64500.0
420,2/25/2016,60888.0
421,2/26/2016,-11972.0
422,2/27/2016,-62265.0
423,2/28/2016,-58146.0
424,2/29/2016,70969.0
425,3/1/2016,55147.0
426,3/2/2016,93966.0
427,3/3/2016,18967.0
428,3/4/2016,5170.0
429,3/5/2016,-63959.0
430,3/6/2016,-27092.0
431,3/7/2016,-57162.0
432,3/8/2016,26339.0
433,3/9/2016,-5873.0
434,3/10/2016,94188.0
435,3/11/2016,1138.0
436,3/12/2016,-18983.0
437,3/13/2016,1834.0
438,3/14/2016,17322.0
439,3/15/2016,74307.0
440,3/16/2016,-61124.0
441,3/17/2016,-37425.0
442,3/18/2016,19805.0
443,3/19/2016,-57732.0
444,3/20/2016,-41664.0
445,3/21/2016,-41584.0
446,3/22/2016,24073.0
447,3/23/2016,-64161.0
448,3/24/2016,-11262.0
449,3/25/2016,64437.0
450,3/26/2016,-13687.0
451,3/27/2016,16767.0
452,3/28/2016,63338.0
453,3/29/2016,-52003.0
454,3/30/2016,75070.0
455,3/31/2016,-17405.0
456,4/1/2016,95427.0
457,4/2/2016,54251.0
458,4/3/2016,60600.0
459,4/4/2016,65836.0
460,4/5/2016,13512.0
461,4/6/2016,63293.0
462,4/7/2016,7888.0
463,4/8/2016,-527.0
464,4/9/2016,92922.0
465,4/10/2016,1343.0
466,4/11/2016,-13052.0
467,4/12/2016,10507.0
468,4/13/2016,-58551.0
469,4/14/2016,-28455.0
470,4/15/2016,34693.0
471,4/16/2016,-33861.0
472,4/17/2016,77952.0
473,4/18/2016,-11205.0
474,4/19/2016,75922.0
475,4/20/2016,-66383.0
476,4/21/2016,-5007.0
477,4/22/2016,-27761.0
478,4/23/2016,-35965.0
479,4/24/2016,98265.0
480,4/25/2016,43578.0
481,4/26/2016,-354.0
482,4/27/2016,87052.0
483,4/28/2016,63536.0
484,4/29/2016,64234.0
485,4/30/2016,-66731.0
486,5/1/2016,-1659.0
487,5/2/2016,19397.0
488,5/3/2016,-8688.0
489,5/4/2016,9624.0
490,5/5/2016,14062.0
491,5/6/2016,18425.0
492,5/7/2016,42154.0
493,5/8/2016,-57170.0
494,5/9/2016,2727.0
495,5/10/2016,-65307.0
496,5/11/2016,84466.0
497,5/12/2016,92165.0
498,5/13/2016,-69745.0
499,5/14/2016,17119.0
500,5/15/2016,-46204.0
501,5/16/2016,-1987.0
502,5/17/2016,-65634.0
503,5/18/2016,-37401.0
504,5/19/2016,81884.0
505,5/20/2016,-55870.0
506,5/21/2016,42441.0
507,5/22/2016,-35146.0
508,5/23/2016,58759.0
509,5/24/2016,-23040.0
510,5/25/2016,30448.0
511,5/26/2016,43602.0
512,5/27/2016,13908.0
513,5/28/2016,-22197.0
514,5/29/2016,75367.0
515,5/30/2016,62491.0
516,5/31/2016,-40927.0
517,6/1/2016,-64294.0
518,6/2/2016,-4680.0
519,6/3/2016,16906.0
520,6/4/2016,-45084.0
521,6/5/2016,-67973.0
522,6/6/2016,-1417.0
523,6/7/2016,-13291.0
524,6/8/2016,12409.0
525,6/9/2016,11847.0
526,6/10/2016,79109.0
527,6/11/2016,86954.0
528,6/12/2016,-66070.0
529,6/13/2016,77237.0
530,6/14/2016,-3550.0
531,6/15/2016,45638.0
532,6/16/2016,-32609.0
533,6/17/2016,-43024.0
534,6/18/2016,-47908.0
535,6/19/2016,-15963.0
536,6/20/2016,97093.0
537,6/21/2016,8089.0
538,6/22/2016,-21086.0
539,6/23/2016,88516.0
540,6/24/2016,-27364.0
541,6/25/2016,-2559.0
542,6/26/2016,74559.0
543,6/27/2016,-5684.0
544,6/28/2016,-36226.0
545,6/29/2016,-37231.0
546,6/30/2016,-12904.0
547,7/1/2016,37562.0
548,7/2/2016,-21258.0
549,7/3/2016,-28222.0
550,7/4/2016,-49638.0
551,7/5/2016,-32766.0
552,7/6/2016,-13945.0
553,7/7/2016,-56505.0
554,7/8/2016,82686.0
555,7/9/2016,32877.0
556,7/10/2016,-25004.0
557,7/11/2016,-13445.0
558,7/12/2016,27280.0
559,7/13/2016,23833.0
560,7/14/2016,-18722.0
561,7/15/2016,-11990.0
562,7/16/2016,82328.0
563,7/17/2016,-36978.0
564,7/18/2016,-50221.0
565,7/19/2016,-10248.0
566,7/20/2016,-46081.0
567,7/21/2016,-9090.0
568,7/22/2016,91607.0
569,7/23/2016,82918.0
570,7/24/2016,-54761.0
571,7/25/2016,64720.0
572,7/26/2016,21812.0
573,7/27/2016,-13207.0
574,7/28/2016,3825.0
575,7/29/2016,86245.0
576,7/30/2016,8175.0
577,7/31/2016,34482.0
578,8/1/2016,-28163.0
579,8/2/2016,-1371.0
580,8/3/2016,-51374.0
581,8/4/2016,-8920.0
582,8/5/2016,-4951.0
583,8/6/2016,15082.0
584,8/7/2016,-32406.0
585,8/8/2016,-41078.0
586,8/9/2016,45146.0
587,8/10/2016,-20075.0
588,8/11/2016,-24904.0
589,8/12/2016,11498.0
590,8/13/2016,37980.0
591,8/14/2016,90834.0
592,8/15/2016,82922.0
593,8/16/2016,-6453.0
594,8/17/2016,-48970.0
595,8/18/2016,-26431.0
596,8/19/2016,-10950.0
597,8/20/2016,62037.0
598,8/21/2016,21650.0
599,8/22/2016,82002.0
600,8/23/2016,-57613.0
601,8/24/2016,-28074.0
602,8/25/2016,80938.0
603,8/26/2016,-25627.0
604,8/27/2016,28111.0
605,8/28/2016,40448.0
606,8/29/2016,29940.0
607,8/30/2016,60491.0
608,8/31/2016,76120.0
609,9/1/2016,99578.0
610,9/2/2016,-31656.0
611,9/3/2016,-43810.0
612,9/4/2016,11343.0
613,9/5/2016,4791.0
614,9/6/2016,-29995.0
615,9/7/2016,1726.0
616,9/8/2016,-30325.0
617,9/9/2016,64979.0
618,9/10/2016,-45688.0
619,9/11/2016,65703.0
620,9/12/2016,4823.0
621,9/13/2016,68987.0
622,9/14/2016,97164.0
623,9/15/2016,-28154.0
624,9/16/2016,61513.0
625,9/17/2016,-13471.0
626,9/18/2016,74298.0
627,9/19/2016,-2535.0
628,9/20/2016,17862.0
629,9/21/2016,-28878.0
630,9/22/2016,55187.0
631,9/23/2016,85959.0
632,9/24/2016,1213.0
633,9/25/2016,90034.0
634,9/26/2016,-44777.0
635,9/27/2016,-3318.0
636,9/28/2016,15723.0
637,9/29/2016,-29304.0
638,9/30/2016,9480.0
639,10/1/2016,56529.0
640,10/2/2016,-58908.0
641,10/3/2016,-60781.0
642,10/4/2016,-34489.0
643,10/5/2016,39132.0
644,10/6/2016,-63324.0
645,10/7/2016,99432.0
646,10/8/2016,-20040.0
647,10/9/2016,-59415.0
648,10/10/2016,72357.0
649,10/11/2016,32129.0
650,10/12/2016,10085.0
651,10/13/2016,-53375.0
652,10/14/2016,-42630.0
653,10/15/2016,21824.0
654,10/16/2016,57130.0
655,10/17/2016,99426.0
656,10/18/2016,30022.0
657,10/19/2016,-22833.0
658,10/20/2016,78641.0
659,10/21/2016,63922.0
660,10/22/2016,-6593.0
661,10/23/2016,7797.0
662,10/24/2016,95033.0
663,10/25/2016,-22472.0
664,10/26/2016,82198.0
665,10/27/2016,63864.0
666,10/28/2016,63213.0
667,10/29/2016,88029.0
668,10/30/2016,-35920.0
669,10/31/2016,59888.0
670,11/1/2016,98005.0
671,11/2/2016,-66151.0
672,11/3/2016,71445.0
673,11/4/2016,39083.0
674,11/5/2016,-26244.0
675,11/6/2016,94448.0
676,11/7/2016,42638.0
677,11/8/2016,70586.0
678,11/9/2016,97489.0
679,11/10/2016,-11311.0
680,11/11/2016,-25614.0
681,11/12/2016,-52701.0
682,11/13/2016,78019.0
683,11/14/2016,73862.0
684,11/15/2016,77571.0
685,11/16/2016,73186.0
686,11/17/2016,42895.0
687,11/18/2016,61995.0
688,11/19/2016,-54034.0
689,11/20/2016,73400.0
690,11/21/2016,41763.0
691,11/22/2016,-23856.0
692,11/23/2016,55342.0
693,11/24/2016,32609.0
694,11/25/2016,16868.0
695,11/26/2016,76081.0
696,11/27/2016,27314.0
697,11/28/2016,73485.0
698,11/29/2016,-69600.0
699,11/30/2016,-8630.0
700,12/1/2016,-27357.0
701,12/2/2016,-59021.0
702,12/3/2016,88505.0
703,12/4/2016,98653.0
704,12/5/2016,-39138.0
705,12/6/2016,5122.0
706,12/7/2016,-15625.0
707,12/8/2016,23655.0
708,12/9/2016,6999.0
709,12/10/2016,28045.0
710,12/11/2016,23011.0
711,12/12/2016,-5507.0
712,12/13/2016,-6092.0
713,12/14/2016,-27653.0
714,12/15/2016,9130.0
715,12/16/2016,-27924.0
716,12/17/2016,-44875.0
717,12/18/2016,99575.0
718,12/19/2016,-64738.0
719,12/20/2016,47107.0
720,12/21/2016,-40611.0
721,12/22/2016,-51515.0
722,12/23/2016,19988.0
723,12/24/2016,62409.0
724,12/25/2016,7881.0
725,12/26/2016,47905.0
726,12/27/2016,54166.0
727,12/28/2016,79943.0
728,12/29/2016,81353.0
729,12/30/2016,12567.0
730,12/31/2016,-65703.0
731,1/1/2017,17635.0
732,1/2/2017,-13588.0
733,1/3/2017,-25113.0
734,1/4/2017,61994.0
735,1/5/2017,-45095.0
736,1/6/2017,-42228.0
737,1/7/2017,50036.0
738,1/8/2017,-1477.0
739,1/9/2017,74505.0
740,1/10/2017,39199.0
741,1/11/2017,-17276.0
742,1/12/2017,70952.0
743,1/13/2017,-9565.0
744,1/14/2017,-43101.0
745,1/15/2017,11239.0
746,1/16/2017,69902.0
747,1/17/2017,-58372.0
748,1/18/2017,-6772.0
749,1/19/2017,76494.0
750,1/20/2017,-7826.0
751,1/21/2017,31528.0
752,1/22/2017,21001.0
753,1/23/2017,83963.0
754,1/24/2017,46291.0
755,1/25/2017,-13079.0
756,1/26/2017,-23866.0
757,1/27/2017,92591.0
758,1/28/2017,29228.0
759,1/29/2017,-26423.0
760,1/30/2017,87189.0
761,1/31/2017,-39216.0
762,2/1/2017,-21363.0
763,2/2/2017,8697.0
764,2/3/2017,-42540.0
765,2/4/2017,47519.0
766,2/5/2017,4214.0
767,2/6/2017,9689.0
768,2/7/2017,98907.0
769,2/8/2017,-23152.0
770,2/9/2017,23006.0
771,2/10/2017,66671.0
772,2/11/2017,65615.0
773,2/12/2017,-68216.0
774,2/13/2017,28204.0
775,2/14/2017,-45597.0
776,2/15/2017,-36608.0
777,2/16/2017,70127.0
778,2/17/2017,-47711.0
779,2/18/2017,86926.0
780,2/19/2017,70214.0
781,2/20/2017,-33385.0
782,2/21/2017,23901.0
783,2/22/2017,-31115.0
784,2/23/2017,26188.0
785,2/24/2017,-14506.0
786,2/25/2017,22440.0
787,2/26/2017,50359.0
788,2/27/2017,51547.0
789,2/28/2017,13151.0
790,3/1/2017,-15329.0
791,3/2/2017,-54671.0
792,3/3/2017,-7310.0
793,3/4/2017,262.0
794,3/5/2017,25445.0
795,3/6/2017,74379.0
796,3/7/2017,837.0
797,3/8/2017,47995.0
798,3/9/2017,-38313.0
799,3/10/2017,-49904.0
800,3/11/2017,2626.0
801,3/12/2017,-32632.0
802,3/13/2017,-63338.0
803,3/14/2017,-9559.0
804,3/15/2017,39006.0
805,3/16/2017,28948.0
806,3/17/2017,5504.0
807,3/18/2017,3477.0
808,3/19/2017,47344.0
809,3/20/2017,95167.0
810,3/21/2017,-3772.0
811,3/22/2017,97448.0
812,3/23/2017,11717.0
813,3/24/2017,45341.0
814,3/25/2017,31152.0
815,3/26/2017,98654.0
816,3/27/2017,-27459.0
817,3/28/2017,9155.0
818,3/29/2017,62462.0
819,3/30/2017,-45269.0
820,3/31/2017,-58417.0
821,4/1/2017,-33548.0
822,4/2/2017,-18937.0
823,4/3/2017,68641.0
824,4/4/2017,-15242.0
825,4/5/2017,-15202.0
826,4/6/2017,84054.0
827,4/7/2017,49711.0
828,4/8/2017,48056.0
829,4/9/2017,-4656.0
830,4/10/2017,52535.0
831,4/11/2017,75510.0
832,4/12/2017,7826.0
833,4/13/2017,-66439.0
834,4/14/2017,72970.0
835,4/15/2017,-25107.0
836,4/16/2017,-45741.0
837,4/17/2017,64309.0
838,4/18/2017,-10350.0
839,4/19/2017,-1227.0
840,4/20/2017,-14553.0
841,4/21/2017,-19236.0
842,4/22/2017,-52255.0
843,4/23/2017,-52289.0
844,4/24/2017,-22109.0
845,4/25/2017,41256.0
846,4/26/2017,99288.0
847,4/27/2017,28831.0
848,4/28/2017,17577.0
849,4/29/2017,-33389.0
850,4/30/2017,49154.0
851,5/1/2017,91996.0
852,5/2/2017,24668.0
853,5/3/2017,96217.0
854,5/4/2017,-69519.0
855,5/5/2017,-12101.0
856,5/6/2017,2336.0
857,5/7/2017,-62695.0
858,5/8/2017,52985.0
859,5/9/2017,82849.0
860,5/10/2017,-2790.0
861,5/11/2017,-67690.0
862,5/12/2017,98628.0
863,5/13/2017,24146.0
864,5/14/2017,67530.0
865,5/15/2017,4718.0
866,5/16/2017,-20225.0
867,5/17/2017,47236.0
868,5/18/2017,11903.0
869,5/19/2017,14576.0
870,5/20/2017,76027.0
871,5/21/2017,8241.0
872,5/22/2017,81212.0
873,5/23/2017,80869.0
874,5/24/2017,73484.0
875,5/25/2017,76029.0
876,5/26/2017,66893.0
877,5/27/2017,72708.0
878,5/28/2017,-50936.0
879,5/29/2017,91863.0
880,5/30/2017,-61736.0
881,5/31/2017,58979.0
882,6/1/2017,-50174.0
883,6/2/2017,-44015.0
884,6/3/2017,-40208.0
885,6/4/2017,-20337.0
886,6/5/2017,65565.0
887,6/6/2017,43812.0
888,6/7/2017,45967.0
889,6/8/2017,89037.0
890,6/9/2017,53199.0
891,6/10/2017,-12614.0
892,6/11/2017,1646.0
893,6/12/2017,-39869.0
894,6/13/2017,36118.0
895,6/14/2017,88314.0
896,6/15/2017,-19234.0
897,6/16/2017,-669.0
898,6/17/2017,-25229.0
899,6/18/2017,97041.0
900,6/19/2017,20103.0
901,6/20/2017,-66744.0
902,6/21/2017,65027.0
903,6/22/2017,80295.0
904,6/23/2017,96928.0
905,6/24/2017,-25687.0
906,6/25/2017,-7089.0
907,6/26/2017,71078.0
908,6/27/2017,55224.0
909,6/28/2017,86283.0
910,6/29/2017,-25891.0
911,6/30/2017,73780.0
912,7/1/2017,-38430.0
913,7/2/2017,76346.0
914,7/3/2017,65843.0
915,7/4/2017,20424.0
916,7/5/2017,66879.0
917,7/6/2017,2013.0
918,7/7/2017,66654.0
919,7/8/2017,30016.0
920,7/9/2017,-15136.0
921,7/10/2017,11394.0
922,7/11/2017,-66142.0
923,7/12/2017,-3755.0
924,7/13/2017,79527.0
925,7/14/2017,23040.0
926,7/15/2017,-13908.0
927,7/16/2017,94681.0
928,7/17/2017,29350.0
929,7/18/2017,14691.0
930,7/19/2017,40906.0
931,7/20/2017,-54008.0
932,7/21/2017,-37331.0
933,7/22/2017,69326.0
934,7/23/2017,-5626.0
935,7/24/2017,-15252.0
936,7/25/2017,-10513.0
937,7/26/2017,99468.0
938,7/27/2017,-3815.0
939,7/28/2017,-15723.0
940,7/29/2017,81458.0
941,7/30/2017,-13406.0
942,7/31/2017,-13368.0
943,8/1/2017,-32477.0
944,8/2/2017,8504.0
945,8/3/2017,-66913.0
946,8/4/2017,80338.0
947,8/5/2017,99151.0
948,8/6/2017,-54589.0
949,8/7/2017,76399.0
950,8/8/2017,-34428.0
951,8/9/2017,-40441.0
952,8/10/2017,79674.0
953,8/11/2017,30959.0
954,8/12/2017,-56623.0
955,8/13/2017,-50058.0
956,8/14/2017,7451.0
957,8/15/2017,60558.0
958,8/16/2017,-5092.0
959,8/17/2017,72512.0
960,8/18/2017,50365.0
961,8/19/2017,96609.0
962,8/20/2017,59980.0
963,8/21/2017,73369.0
964,8/22/2017,30715.0
965,8/23/2017,-42212.0
966,8/24/2017,4455.0
967,8/25/2017,-56989.0
968,8/26/2017,66233.0
969,8/27/2017,-21369.0
970,8/28/2017,-16802.0
971,8/29/2017,-42253.0
972,8/30/2017,-44725.0
973,8/31/2017,-45392.0
974,9/1/2017,-35312.0
975,9/2/2017,-54536.0
976,9/3/2017,91515.0
977,9/4/2017,-49469.0
978,9/5/2017,-20383.0
979,9/6/2017,-49935.0
980,9/7/2017,-26477.0
981,9/8/2017,-18460.0
982,9/9/2017,-23897.0
983,9/10/2017,2038.0
984,9/11/2017,-60417.0
985,9/12/2017,-54114.0
986,9/13/2017,85980.0
987,9/14/2017,35623.0
988,9/15/2017,-9040.0
989,9/16/2017,70481.0
990,9/17/2017,14441.0
991,9/18/2017,-41588.0
992,9/19/2017,74963.0
993,9/20/2017,85655.0
994,9/21/2017,63427.0
995,9/22/2017,67608.0
996,9/23/2017,77924.0
997,9/24/2017,11232.0
998,9/25/2017,-11477.0
999,9/26/2017,67158.0
1000,9/27/2017,-44127.0
1001,9/28/2017,-12872.0
1002,9/29/2017,-17557.0
1003,9/30/2017,34809.0
1004,10/1/2017,-55843.0
1005,10/2/2017,-56567.0
1006,10/3/2017,-51980.0
1007,10/4/2017,25219.0
1008,10/5/2017,49606.0
1009,10/6/2017,33858.0
1010,10/7/2017,80998.0
1011,10/8/2017,87093.0
1012,10/9/2017,55199.0
1013,10/10/2017,19914.0
1014,10/11/2017,-6150.0
1015,10/12/2017,-31084.0
1016,10/13/2017,94699.0
1017,10/14/2017,-66369.0
1018,10/15/2017,94158.0
1019,10/16/2017,54691.0
1020,10/17/2017,-60224.0
1021,10/18/2017,28117.0
1022,10/19/2017,70370.0
1023,10/20/2017,38371.0
1024,10/21/2017,77570.0
1025,10/22/2017,1397.0
1026,10/23/2017,43376.0
1027,10/24/2017,-43167.0
1028,10/25/2017,-2060.0
1029,10/26/2017,-30118.0
1030,10/27/2017,33757.0
1031,10/28/2017,-9951.0
1032,10/29/2017,18865.0
1033,10/30/2017,54260.0
1034,10/31/2017,62997.0
1035,11/1/2017,21365.0
1036,11/2/2017,-41318.0
1037,11/3/2017,-15201.0
1038,11/4/2017,-48072.0
1039,11/5/2017,72469.0
1040,11/6/2017,-59289.0
1041,11/7/2017,31735.0
1042,11/8/2017,64852.0
1043,11/9/2017,98359.0
1044,11/10/2017,-9405.0
1045,11/11/2017,32628.0
1046,11/12/2017,-15939.0
1047,11/13/2017,3168.0
1048,11/14/2017,-663.0
1049,11/15/2017,-50879.0
1050,11/16/2017,88734.0
1051,11/17/2017,29303.0
1052,11/18/2017,-68135.0
1053,11/19/2017,27296.0
1054,11/20/2017,44880.0
1055,11/21/2017,-68704.0
1056,11/22/2017,8153.0
1057,11/23/2017,-40754.0
1058,11/24/2017,59944.0
1059,11/25/2017,16247.0
1060,11/26/2017,97133.0
1061,11/27/2017,-32728.0
1062,11/28/2017,2844.0
1063,11/29/2017,-22559.0
1064,11/30/2017,30240.0
1065,12/1/2017,6261.0
1066,12/2/2017,-53438.0
1067,12/3/2017,15492.0
1068,12/4/2017,-34450.0
1069,12/5/2017,18116.0
1070,12/6/2017,-64889.0
1071,12/7/2017,-8237.0
1072,12/8/2017,-44105.0
1073,12/9/2017,96025.0
1074,12/10/2017,9662.0
1075,12/11/2017,-14015.0
1076,12/12/2017,-48783.0
1077,12/13/2017,41885.0
1078,12/14/2017,42326.0
1079,12/15/2017,28100.0
1080,12/16/2017,-50561.0
1081,12/17/2017,68024.0
1082,12/18/2017,21386.0
1083,12/19/2017,-64280.0
1084,12/20/2017,85033.0
1085,12/21/2017,48847.0
1086,12/22/2017,-50116.0
1087,12/23/2017,56538.0
1088,12/24/2017,67011.0
1089,12/25/2017,45711.0
1090,12/26/2017,67000.0
1091,12/27/2017,4626.0
1092,12/28/2017,7743.0
1093,12/29/2017,69020.0
1094,12/30/2017,96416.0
1095,12/31/2017,14496.0
1096,1/1/2018,-9269.0
1097,1/2/2018,8434.0
1098,1/3/2018,9208.0
1099,1/4/2018,-43955.0
1100,1/5/2018,82426.0
1101,1/6/2018,40747.0
1102,1/7/2018,18007.0
1103,1/8/2018,-49470.0
1104,1/9/2018,10791.0
1105,1/10/2018,32883.0
1106,1/11/2018,55277.0
1107,1/12/2018,-18813.0
1108,1/13/2018,76044.0
1109,1/14/2018,34223.0
1110,1/15/2018,20688.0
1111,1/16/2018,-11282.0
1112,1/17/2018,-62774.0
1113,1/18/2018,14112.0
1114,1/19/2018,94329.0
1115,1/20/2018,70990.0
1116,1/21/2018,14093.0
1117,1/22/2018,37582.0
1118,1/23/2018,56237.0
1119,1/24/2018,-67807.0
1120,1/25/2018,-60714.0
1121,1/26/2018,81802.0
1122,1/27/2018,80242.0
1123,1/28/2018,-24308.0
1124,1/29/2018,-27042.0
1125,1/30/2018,44970.0
1126,1/31/2018,7747.0
1127,2/1/2018,18547.0
1128,2/2/2018,16118.0
1129,2/3/2018,71327.0
1130,2/4/2018,-53616.0
1131,2/5/2018,-36201.0
1132,2/6/2018,78925.0
1133,2/7/2018,-69559.0
1134,2/8/2018,87597.0
1135,2/9/2018,15250.0
1136,2/10/2018,-15891.0
1137,2/11/2018,-68877.0
1138,2/12/2018,-60164.0
1139,2/13/2018,-5392.0
1140,2/14/2018,8797.0
1141,2/15/2018,-61678.0
1142,2/16/2018,-44843.0
1143,2/17/2018,-50164.0
1144,2/18/2018,-64047.0
1145,2/19/2018,-33228.0
1146,2/20/2018,-7933.0
1147,2/21/2018,7538.0
1148,2/22/2018,42464.0
1149,2/23/2018,37956.0
1150,2/24/2018,-30015.0
1151,2/25/2018,-65501.0
1152,2/26/2018,-21660.0
1153,2/27/2018,-36625.0
1154,2/28/2018,22707.0
1155,3/1/2018,92434.0
1156,3/2/2018,10852.0
1157,3/3/2018,24499.0
1158,3/4/2018,31974.0
1159,3/5/2018,11359.0
1160,3/6/2018,93373.0
1161,3/7/2018,-27979.0
1162,3/8/2018,40976.0
1163,3/9/2018,57598.0
1164,3/10/2018,74383.0
1165,3/11/2018,63227.0
1166,3/12/2018,24321.0
1167,3/13/2018,19094.0
1168,3/14/2018,-12795.0
1169,3/15/2018,66276.0
1170,3/16/2018,55637.0
1171,3/17/2018,-8828.0
1172,3/18/2018,-26667.0
1173,3/19/2018,35148.0
1174,3/20/2018,-27148.0
1175,3/21/2018,1712.0
1176,3/22/2018,72133.0
1177,3/23/2018,-224.0
1178,3/24/2018,-66529.0
1179,3/25/2018,7981.0
1180,3/26/2018,15447.0
1181,3/27/2018,20289.0
1182,3/28/2018,-37795.0
1183,3/29/2018,-26412.0
1184,3/30/2018,-15530.0
1185,3/31/2018,53580.0
1186,4/1/2018,89266.0
1187,4/2/2018,25494.0
1188,4/3/2018,84419.0
1189,4/4/2018,93593.0
1190,4/5/2018,71908.0
1191,4/6/2018,74381.0
1192,4/7/2018,56393.0
1193,4/8/2018,-47154.0
1194,4/9/2018,7001.0
1195,4/10/2018,87004.0
1196,4/11/2018,-50258.0
1197,4/12/2018,-41782.0
1198,4/13/2018,-57531.0
1199,4/14/2018,-69002.0
1200,4/15/2018,2751.0
1201,4/16/2018,68947.0
1202,4/17/2018,77723.0
1203,4/18/2018,84147.0
1204,4/19/2018,52366.0
1205,4/20/2018,15745.0
1206,4/21/2018,33596.0
1207,4/22/2018,58428.0
1208,4/23/2018,504.0
1209,4/24/2018,53170.0
1210,4/25/2018,24315.0
1211,4/26/2018,83898.0
1212,4/27/2018,73935.0
1213,4/28/2018,53715.0
1214,4/29/2018,77735.0
1215,4/30/2018,-17912.0
1216,5/1/2018,29069.0
1217,5/2/2018,5790.0
1218,5/3/2018,17051.0
1219,5/4/2018,-6893.0
1220,5/5/2018,33262.0
1221,5/6/2018,-8740.0
1222,5/7/2018,-580.0
1223,5/8/2018,97198.0
1224,5/9/2018,87392.0
1225,5/10/2018,-16695.0
1226,5/11/2018,-9766.0
1227,5/12/2018,38919.0
1228,5/13/2018,65542.0
1229,5/14/2018,4560.0
1230,5/15/2018,-21733.0
1231,5/16/2018,-69725.0
1232,5/17/2018,40550.0
1233,5/18/2018,24347.0
1234,5/19/2018,-34185.0
1235,5/20/2018,-15347.0
1236,5/21/2018,19748.0
1237,5/22/2018,60262.0
1238,5/23/2018,27303.0
1239,5/24/2018,-10143.0
1240,5/25/2018,84528.0
1241,5/26/2018,94898.0
1242,5/27/2018,95088.0
1243,5/28/2018,-49845.0
1244,5/29/2018,-44233.0
1245,5/30/2018,-16504.0
1246,5/31/2018,76527.0
1247,6/1/2018,3139.0
1248,6/2/2018,-42555.0
1249,6/3/2018,95994.0
1250,6/4/2018,26279.0
1251,6/5/2018,97205.0
1252,6/6/2018,88143.0
1253,6/7/2018,-50469.0
1254,6/8/2018,47368.0
1255,6/9/2018,59746.0
1256,6/10/2018,-34838.0
1257,6/11/2018,22475.0
1258,6/12/2018,7444.0
1259,6/13/2018,61728.0
1260,6/14/2018,-63507.0
1261,6/15/2018,-54222.0
1262,6/16/2018,-24222.0
1263,6/17/2018,42127.0
1264,6/18/2018,35451.0
1265,6/19/2018,63291.0
1266,6/20/2018,49482.0
1267,6/21/2018,-25403.0
1268,6/22/2018,86664.0
1269,6/23/2018,96080.0
1270,6/24/2018,-69632.0
1271,6/25/2018,-43101.0
1272,6/26/2018,38596.0
1273,6/27/2018,15074.0
1274,6/28/2018,22125.0
1275,6/29/2018,52027.0
1276,6/30/2018,-49624.0
1277,7/1/2018,40877.0
1278,7/2/2018,-37421.0
1279,7/3/2018,64083.0
1280,7/4/2018,-54240.0
1281,7/5/2018,65236.0
1282,7/6/2018,48039.0
1283,7/7/2018,-5991.0
1284,7/8/2018,78737.0
1285,7/9/2018,25152.0
1286,7/10/2018,-1134.0
1287,7/11/2018,74380.0
1288,7/12/2018,-8900.0
1289,7/13/2018,35109.0
1290,7/14/2018,96763.0
1291,7/15/2018,-51441.0
1292,7/16/2018,62945.0
1293,7/17/2018,13918.0
1294,7/18/2018,49391.0
1295,7/19/2018,21653.0
1296,7/20/2018,34601.0
1297,7/21/2018,47635.0
1298,7/22/2018,-65289.0
1299,7/23/2018,-15328.0
1300,7/24/2018,-35327.0
1301,7/25/2018,-37431.0
1302,7/26/2018,-39007.0
1303,7/27/2018,1361.0
1304,7/28/2018,21488.0
1305,7/29/2018,-23189.0
1306,7/30/2018,26032.0
1307,7/31/2018,76696.0
1308,8/1/2018,-21636.0
1309,8/2/2018,-29538.0
1310,8/3/2018,97316.0
1311,8/4/2018,44631.0
1312,8/5/2018,36795.0
1313,8/6/2018,75889.0
1314,8/7/2018,-33633.0
1315,8/8/2018,66578.0
1316,8/9/2018,-55791.0
1317,8/10/2018,94650.0
1318,8/11/2018,-24334.0
1319,8/12/2018,30702.0
1320,8/13/2018,39651.0
1321,8/14/2018,-19548.0
1322,8/15/2018,70382.0
1323,8/16/2018,-24414.0
1324,8/17/2018,-59594.0
1325,8/18/2018,-6516.0
1326,8/19/2018,-53842.0
1327,8/20/2018,40887.0
1328,8/21/2018,-51502.0
1329,8/22/2018,-53457.0
1330,8/23/2018,93344.0
1331,8/24/2018,-38858.0
1332,8/25/2018,64909.0
1333,8/26/2018,63541.0
1334,8/27/2018,-10503.0
1335,8/28/2018,99601.0
1336,8/29/2018,26920.0
1337,8/30/2018,63811.0
1338,8/31/2018,66148.0
1339,9/1/2018,48667.0
1340,9/2/2018,48426.0
1341,9/3/2018,-9385.0
1342,9/4/2018,37396.0
1343,9/5/2018,3751.0
1344,9/6/2018,43454.0
1345,9/7/2018,-57664.0
1346,9/8/2018,47637.0
1347,9/9/2018,9919.0
1348,9/10/2018,-40748.0
1349,9/11/2018,-28043.0
1350,9/12/2018,61417.0
1351,9/13/2018,10784.0
1352,9/14/2018,-67938.0
1353,9/15/2018,30949.0
1354,9/16/2018,-2748.0
1355,9/17/2018,-49363.0
1356,9/18/2018,-64069.0
1357,9/19/2018,16417.0
1358,9/20/2018,43798.0
1359,9/21/2018,1954.0
1360,9/22/2018,80018.0
1361,9/23/2018,-46676.0
1362,9/24/2018,38162.0
1363,9/25/2018,56141.0
1364,9/26/2018,24942.0
1365,9/27/2018,89220.0
1366,9/28/2018,72645.0
1367,9/29/2018,69875.0
1368,9/30/2018,-48017.0
1369,10/1/2018,63127.0
1370,10/2/2018,30950.0
1371,10/3/2018,90888.0
1372,10/4/2018,99839.0
1373,10/5/2018,-954.0
1374,10/6/2018,60927.0
1375,10/7/2018,84621.0
1376,10/8/2018,-14884.0
1377,10/9/2018,45955.0
1378,10/10/2018,-17611.0
1379,10/11/2018,24157.0
1380,10/12/2018,17005.0
1381,10/13/2018,-22625.0
1382,10/14/2018,-53212.0
1383,10/15/2018,44711.0
1384,10/16/2018,99797.0
1385,10/17/2018,41322.0
1386,10/18/2018,62406.0
1387,10/19/2018,-20982.0
1388,10/20/2018,50959.0
1389,10/21/2018,5589.0
1390,10/22/2018,-7195.0
1391,10/23/2018,-33588.0
1392,10/24/2018,31972.0
1393,10/25/2018,-31376.0
1394,10/26/2018,-49187.0
1395,10/27/2018,64758.0
1396,10/28/2018,-58551.0
1397,10/29/2018,-46099.0
1398,10/30/2018,-19858.0
1399,10/31/2018,32108.0
1400,11/1/2018,-45361.0
1401,11/2/2018,58132.0
1402,11/3/2018,77948.0
1403,11/4/2018,-31943.0
1404,11/5/2018,-36172.0
1405,11/6/2018,-61608.0
1406,11/7/2018,45147.0
1407,11/8/2018,-5883.0
1408,11/9/2018,83474.0
1409,11/10/2018,-16833.0
1410,11/11/2018,61660.0
1411,11/12/2018,99768.0
1412,11/13/2018,-44076.0
1413,11/14/2018,-65812.0
1414,11/15/2018,49368.0
1415,11/16/2018,-28560.0
1416,11/17/2018,10094.0
1417,11/18/2018,-28274.0
1418,11/19/2018,-15921.0
1419,11/20/2018,-18628.0
1420,11/21/2018,69163.0
1421,11/22/2018,35317.0
1422,11/23/2018,51782.0
1423,11/24/2018,85934.0
1424,11/25/2018,-42295.0
1425,11/26/2018,63032.0
1426,11/27/2018,42952.0
1427,11/28/2018,-9478.0
1428,11/29/2018,84486.0
1429,11/30/2018,61662.0
1430,12/1/2018,-58380.0
1431,12/2/2018,-18134.0
1432,12/3/2018,31164.0
1433,12/4/2018,98251.0
1434,12/5/2018,-56384.0
1435,12/6/2018,96412.0
1436,12/7/2018,31186.0
1437,12/8/2018,-15718.0
1438,12/9/2018,-23501.0
1439,12/10/2018,-16979.0
1440,12/11/2018,70573.0
1441,12/12/2018,-42702.0
1442,12/13/2018,38265.0
1443,12/14/2018,44673.0
1444,12/15/2018,25194.0
1445,12/16/2018,-21886.0
1446,12/17/2018,95171.0
1447,12/18/2018,-16669.0
1448,12/19/2018,-15787.0
1449,12/20/2018,56767.0
1450,12/21/2018,25345.0
1451,12/22/2018,42237.0
1452,12/23/2018,26849.0
1453,12/24/2018,61847.0
1454,12/25/2018,-69760.0
1455,12/26/2018,37719.0
1456,12/27/2018,-26605.0
1457,12/28/2018,31835.0
1458,12/29/2018,-69047.0
1459,12/30/2018,-64014.0
1460,12/31/2018,92806.0
1461,1/1/2019,94310.0
1462,1/2/2019,11661.0
1463,1/3/2019,-34182.0
1464,1/4/2019,-37111.0
1465,1/5/2019,64805.0
1466,1/6/2019,48344.0
1467,1/7/2019,-68584.0
1468,1/8/2019,-51157.0
1469,1/9/2019,71229.0
1470,1/10/2019,-51877.0
1471,1/11/2019,-31044.0
1472,1/12/2019,34175.0
1473,1/13/2019,98461.0
1474,1/14/2019,96494.0
1475,1/15/2019,94556.0
1476,1/16/2019,-17900.0
1477,1/17/2019,4553.0
1478,1/18/2019,2340.0
1479,1/19/2019,61800.0
1480,1/20/2019,42063.0
1481,1/21/2019,-62771.0
1482,1/22/2019,36028.0
1483,1/23/2019,33892.0
1484,1/24/2019,-18744.0
1485,1/25/2019,-44188.0
1486,1/26/2019,-11998.0
1487,1/27/2019,84912.0
1488,1/28/2019,-38447.0
1489,1/29/2019,-293.0
1490,1/30/2019,97334.0
1491,1/31/2019,-5021.0
1492,2/1/2019,-64812.0
1493,2/2/2019,-35229.0
1494,2/3/2019,34326.0
1495,2/4/2019,11974.0
1496,2/5/2019,-25845.0
1497,2/6/2019,45025.0
1498,2/7/2019,-4282.0
1499,2/8/2019,-49830.0
1500,2/9/2019,54680.0
1501,2/10/2019,-31808.0
1502,2/11/2019,85410.0
1503,2/12/2019,33179.0
1504,2/13/2019,83896.0
1505,2/14/2019,-48034.0
1506,2/15/2019,75254.0
1507,2/16/2019,35876.0
1508,2/17/2019,6993.0
1509,2/18/2019,58495.0
1510,2/19/2019,74346.0
1511,2/20/2019,71981.0
1512,2/21/2019,5393.0
1513,2/22/2019,40469.0
1514,2/23/2019,20850.0
1515,2/24/2019,-3377.0
1516,2/25/2019,69738.0
1517,2/26/2019,44687.0
1518,2/27/2019,-46200.0
1519,2/28/2019,1923.0
1520,3/1/2019,-16276.0
1521,3/2/2019,32881.0
1522,3/3/2019,95746.0
1523,3/4/2019,90241.0
1524,3/5/2019,77303.0
1525,3/6/2019,89333.0
1526,3/7/2019,9952.0
1527,3/8/2019,-6053.0
1528,3/9/2019,-33395.0
1529,3/10/2019,97103.0
1530,3/11/2019,56423.0
1531,3/12/2019,-12212.0
1532,3/13/2019,-19653.0
1533,3/14/2019,18599.0
1534,3/15/2019,-60639.0
1535,3/16/2019,-18502.0
1536,3/17/2019,-59233.0
1537,3/18/2019,37908.0
1538,3/19/2019,45609.0
1539,3/20/2019,30910.0
1540,3/21/2019,-64693.0
1541,3/22/2019,1157.0
1542,3/23/2019,-22512.0
1543,3/24/2019,-24881.0
1544,3/25/2019,-8299.0
1545,3/26/2019,-12705.0
1546,3/27/2019,45524.0
1547,3/28/2019,-5445.0
1548,3/29/2019,-68133.0
1549,3/30/2019,-39894.0
1550,3/31/2019,-47565.0
1551,4/1/2019,-54840.0
1552,4/2/2019,-44295.0
1553,4/3/2019,-38546.0
1554,4/4/2019,-24413.0
1555,4/5/2019,42810.0
1556,4/6/2019,-30923.0
1557,4/7/2019,-40379.0
1558,4/8/2019,-23084.0
1559,4/9/2019,94078.0
1560,4/10/2019,98693.0
1561,4/11/2019,61949.0
1562,4/12/2019,-44360.0
1563,4/13/2019,-48289.0
1564,4/14/2019,-52112.0
1565,4/15/2019,98802.0
1566,4/16/2019,69781.0
1567,4/17/2019,-67135.0
1568,4/18/2019,-39195.0
1569,4/19/2019,99096.0
1570,4/20/2019,92341.0
1571,4/21/2019,20886.0
1572,4/22/2019,-10724.0
1573,4/23/2019,-44232.0
1574,4/24/2019,45720.0
1575,4/25/2019,96918.0
1576,4/26/2019,97783.0
1577,4/27/2019,91682.0
1578,4/28/2019,68146.0
1579,4/29/2019,69802.0
1580,4/30/2019,25312.0
1581,5/1/2019,73292.0
1582,5/2/2019,84648.0
1583,5/3/2019,5521.0
1584,5/4/2019,-52574.0
1585,5/5/2019,85683.0
1586,5/6/2019,44077.0
1587,5/7/2019,89418.0
1588,5/8/2019,70662.0
1589,5/9/2019,69022.0
1590,5/10/2019,14269.0
1591,5/11/2019,-43784.0
1592,5/12/2019,-69469.0
1593,5/13/2019,14044.0
1594,5/14/2019,355.0
1595,5/15/2019,61269.0
1596,5/16/2019,90623.0
1597,5/17/2019,55755.0
1598,5/18/2019,-2199.0
1599,5/19/2019,-27501.0
1600,5/20/2019,87442.0
1601,5/21/2019,73321.0
1602,5/22/2019,-16847.0
1603,5/23/2019,-15394.0
1604,5/24/2019,61401.0
1605,5/25/2019,-28912.0
1606,5/26/2019,60099.0
1607,5/27/2019,51497.0
1608,5/28/2019,-15966.0
1609,5/29/2019,-27101.0
1610,5/30/2019,-5767.0
1611,5/31/2019,71860.0
1612,6/1/2019,80435.0
1613,6/2/2019,-25687.0
1614,6/3/2019,-25609.0
1615,6/4/2019,-1365.0
1616,6/5/2019,59032.0
1617,6/6/2019,-28060.0
1618,6/7/2019,61953.0
1619,6/8/2019,-30263.0
1620,6/9/2019,-64752.0
1621,6/10/2019,-27800.0
1622,6/11/2019,85123.0
1623,6/12/2019,1930.0
1624,6/13/2019,44283.0
1625,6/14/2019,3241.0
1626,6/15/2019,78242.0
1627,6/16/2019,4773.0
1628,6/17/2019,-13866.0
1629,6/18/2019,-68217.0
1630,6/19/2019,-49827.0
1631,6/20/2019,-58207.0
1632,6/21/2019,75491.0
1633,6/22/2019,35283.0
1634,6/23/2019,13965.0
1635,6/24/2019,-41102.0
1636,6/25/2019,37698.0
1637,6/26/2019,62760.0
1638,6/27/2019,-64256.0
1639,6/28/2019,5687.0
1640,6/29/2019,95470.0
1641,6/30/2019,15634.0
1642,7/1/2019,79103.0
1643,7/2/2019,-9866.0
1644,7/3/2019,14879.0
1645,7/4/2019,90776.0
1646,7/5/2019,57453.0
1647,7/6/2019,-68150.0
1648,7/7/2019,97316.0
1649,7/8/2019,37641.0
1650,7/9/2019,85752.0
1651,7/10/2019,96583.0
1652,7/11/2019,6465.0
1653,7/12/2019,-21305.0
1654,7/13/2019,-62178.0
1655,7/14/2019,69434.0
1656,7/15/2019,50760.0
1657,7/16/2019,-40582.0
1658,7/17/2019,3612.0
1659,7/18/2019,92900.0
1660,7/19/2019,-1392.0
1661,7/20/2019,50851.0
1662,7/21/2019,-2802.0
1663,7/22/2019,-14837.0
1664,7/23/2019,33942.0
1665,7/24/2019,70140.0
1666,7/25/2019,56151.0
1667,7/26/2019,90660.0
1668,7/27/2019,-10162.0
1669,7/28/2019,-36384.0
1670,7/29/2019,75612.0
1671,7/30/2019,79779.0
1672,7/31/2019,42938.0
1673,8/1/2019,20159.0
1674,8/2/2019,-59563.0
1675,8/3/2019,-69709.0
1676,8/4/2019,-55344.0
1677,8/5/2019,37082.0
1678,8/6/2019,-55783.0
1679,8/7/2019,-46055.0
1680,8/8/2019,87569.0
1681,8/9/2019,-68613.0
1682,8/10/2019,90909.0
1683,8/11/2019,66126.0
1684,8/12/2019,-52856.0
1685,8/13/2019,-55442.0
1686,8/14/2019,85872.0
1687,8/15/2019,-27737.0
1688,8/16/2019,36256.0
1689,8/17/2019,14126.0
1690,8/18/2019,9533.0
1691,8/19/2019,40624.0
1692,8/20/2019,-56005.0
1693,8/21/2019,16754.0
1694,8/22/2019,55083.0
1695,8/23/2019,-31870.0
1696,8/24/2019,-6944.0
1697,8/25/2019,26992.0
1698,8/26/2019,92866.0
1699,8/27/2019,39578.0
1700,8/28/2019,-15087.0
1701,8/29/2019,22642.0
1702,8/30/2019,63527.0
1703,8/31/2019,-41096.0
1704,9/1/2019,-47304.0
1705,9/2/2019,3623.0
1706,9/3/2019,75149.0
1707,9/4/2019,51237.0
1708,9/5/2019,50419.0
1709,9/6/2019,86175.0
1710,9/7/2019,-68998.0
1711,9/8/2019,-29250.0
1712,9/9/2019,74597.0
1713,9/10/2019,53645.0
1714,9/11/2019,-37511.0
1715,9/12/2019,6538.0
1716,9/13/2019,49043.0
1717,9/14/2019,60360.0
1718,9/15/2019,-56794.0
1719,9/16/2019,61068.0
1720,9/17/2019,46461.0
1721,9/18/2019,-15206.0
1722,9/19/2019,66131.0
1723,9/20/2019,-28532.0
1724,9/21/2019,19183.0
1725,9/22/2019,10708.0
1726,9/23/2019,-21668.0
1727,9/24/2019,45568.0
1728,9/25/2019,-55779.0
1729,9/26/2019,36211.0
1730,9/27/2019,-11531.0
1731,9/28/2019,74203.0
1732,9/29/2019,57082.0
1733,9/30/2019,9081.0
1734,10/1/2019,42044.0
1735,10/2/2019,52269.0
1736,10/3/2019,-31520.0
1737,10/4/2019,35124.0
1738,10/5/2019,17468.0
1739,10/6/2019,93720.0
1740,10/7/2019,28447.0
1741,10/8/2019,45762.0
1742,10/9/2019,78357.0
1743,10/10/2019,-55921.0
1744,10/11/2019,-62525.0
1745,10/12/2019,84491.0
1746,10/13/2019,44655.0
1747,10/14/2019,82952.0
1748,10/15/2019,57347.0
1749,10/16/2019,73225.0
1750,10/17/2019,-66741.0
1751,10/18/2019,-1935.0
1752,10/19/2019,-39132.0
1753,10/20/2019,-27699.0
1754,10/21/2019,-65309.0
1755,10/22/2019,-56638.0
1756,10/23/2019,98933.0
1757,10/24/2019,-16748.0
1758,10/25/2019,76004.0
1759,10/26/2019,88610.0
1760,10/27/2019,57782.0
1761,10/28/2019,69119.0
1762,10/29/2019,73999.0
1763,10/30/2019,-40679.0
1764,10/31/2019,-55670.0
1765,11/1/2019,88064.0
1766,11/2/2019,99432.0
1767,11/3/2019,-49206.0
1768,11/4/2019,-51935.0
1769,11/5/2019,88865.0
1770,11/6/2019,57485.0
1771,11/7/2019,98827.0
1772,11/8/2019,-47060.0
1773,11/9/2019,87950.0
1774,11/10/2019,12301.0
1775,11/11/2019,36382.0
1776,11/12/2019,42169.0
1777,11/13/2019,74010.0
1778,11/14/2019,45004.0
1779,11/15/2019,26582.0
1780,11/16/2019,40623.0
1781,11/17/2019,2469.0
1782,11/18/2019,45546.0
1783,11/19/2019,-19576.0
1784,11/20/2019,-29818.0
1785,11/21/2019,14661.0
1786,11/22/2019,81137.0
1787,11/23/2019,19369.0
1788,11/24/2019,4344.0
1789,11/25/2019,27501.0
1790,11/26/2019,-8685.0
1791,11/27/2019,67144.0
1792,11/28/2019,-48232.0
1793,11/29/2019,32090.0
1794,11/30/2019,96568.0
1795,12/1/2019,-37926.0
1796,12/2/2019,54354.0
1797,12/3/2019,29676.0
1798,12/4/2019,83465.0
1799,12/5/2019,-32375.0
1800,12/6/2019,68085.0
1801,12/7/2019,69095.0
1802,12/8/2019,-61827.0
1803,12/9/2019,-36585.0
1804,12/10/2019,76791.0
1805,12/11/2019,6506.0
1806,12/12/2019,50552.0
1807,12/13/2019,-50280.0
1808,12/14/2019,44637.0
1809,12/15/2019,-18349.0
1810,12/16/2019,-9433.0
1811,12/17/2019,41666.0
1812,12/18/2019,-29280.0
1813,12/19/2019,63389.0
1814,12/20/2019,-378.0
1815,12/21/2019,39688.0
1816,12/22/2019,-66514.0
1817,12/23/2019,29801.0
1818,12/24/2019,-5152.0
1819,12/25/2019,22915.0
1820,12/26/2019,-52186.0
1821,12/27/2019,20425.0
1822,12/28/2019,-39147.0
1823,12/29/2019,36344.0
1824,12/30/2019,-67416.0
1825,12/31/2019,2277.0
1826,1/1/2020,93956.0
1827,1/2/2020,79182.0
1828,1/3/2020,28991.0
1829,1/4/2020,21414.0
1830,1/5/2020,-4527.0
1831,1/6/2020,38147.0
1832,1/7/2020,-23951.0
1833,1/8/2020,97190.0
1834,1/9/2020,-56010.0
1835,1/10/2020,25482.0
1836,1/11/2020,77777.0
1837,1/12/2020,7240.0
1838,1/13/2020,13577.0
1839,1/14/2020,-47875.0
1840,1/15/2020,-49146.0
1841,1/16/2020,12930.0
1842,1/17/2020,-65385.0
1843,1/18/2020,-27320.0
1844,1/19/2020,33711.0
1845,1/20/2020,51285.0
1846,1/21/2020,-46618.0
1847,1/22/2020,90204.0
1848,1/23/2020,63189.0
1849,1/24/2020,-10015.0
1850,1/25/2020,-5364.0
1851,1/26/2020,6008.0
1852,1/27/2020,6413.0
1853,1/28/2020,68006.0
1854,1/29/2020,-11651.0
1855,1/30/2020,-67741.0
1856,1/31/2020,77267.0
1857,2/1/2020,26907.0
1858,2/2/2020,60096.0
1859,2/3/2020,-20651.0
1860,2/4/2020,67223.0
1861,2/5/2020,75610.0
1862,2/6/2020,84654.0
1863,2/7/2020,22822.0
1864,2/8/2020,-64804.0
1865,2/9/2020,79145.0
1866,2/10/2020,-10827.0
1867,2/11/2020,73405.0
1868,2/12/2020,97323.0
1869,2/13/2020,60881.0
1870,2/14/2020,-59671.0
1871,2/15/2020,52799.0
1872,2/16/2020,-1919.0
1873,2/17/2020,90780.0
1874,2/18/2020,70033.0
1875,2/19/2020,-7298.0
1876,2/20/2020,11760.0
1877,2/21/2020,37667.0
1878,2/22/2020,37613.0
1879,2/23/2020,-22227.0
1880,2/24/2020,68924.0
1881,2/25/2020,32659.0
1882,2/26/2020,-68310.0
1883,2/27/2020,36347.0
1884,2/28/2020,8454.0
1885,2/29/2020,56714.0
1886,3/1/2020,86210.0
1887,3/2/2020,52569.0
1888,3/3/2020,64319.0
1889,3/4/2020,21079.0
1890,3/5/2020,-1609.0
1891,3/6/2020,26250.0
1892,3/7/2020,78079.0
1893,3/8/2020,-1093.0
1894,3/9/2020,58210.0
1895,3/10/2020,51356.0
1896,3/11/2020,-37513.0
1897,3/12/2020,26132.0
1898,3/13/2020,99682.0
1899,3/14/2020,-17621.0
1900,3/15/2020,15440.0
1901,3/16/2020,15867.0
1902,3/17/2020,15820.0
1903,3/18/2020,21462.0
1904,3/19/2020,45870.0
1905,3/20/2020,-12629.0
1906,3/21/2020,32562.0
1907,3/22/2020,84309.0
1908,3/23/2020,-52440.0
1909,3/24/2020,4604.0
1910,3/25/2020,-68354.0
1911,3/26/2020,-676.0
1912,3/27/2020,84408.0
1913,3/28/2020,-1696.0
1914,3/29/2020,-26791.0
1915,3/30/2020,-50121.0
1916,3/31/2020,619.0
1917,4/1/2020,5020.0
1918,4/2/2020,-2197.0
1919,4/3/2020,24281.0
1920,4/4/2020,98321.0
1921,4/5/2020,86848.0
1922,4/6/2020,36558.0
1923,4/7/2020,5488.0
1924,4/8/2020,8079.0
1925,4/9/2020,-5494.0
1926,4/10/2020,83577.0
1927,4/11/2020,-40699.0
1928,4/12/2020,-36264.0
1929,4/13/2020,76145.0
1930,4/14/2020,-54710.0
1931,4/15/2020,867.0
1932,4/16/2020,-57453.0
1933,4/17/2020,-59338.0
1934,4/18/2020,-22817.0
1935,4/19/2020,55116.0
1936,4/20/2020,-53457.0
1937,4/21/2020,-54698.0
1938,4/22/2020,12245.0
1939,4/23/2020,34032.0
1940,4/24/2020,81927.0
1941,4/25/2020,-49149.0
1942,4/26/2020,83142.0
1943,4/27/2020,-47450.0
1944,4/28/2020,70365.0
1945,4/29/2020,79645.0
1946,4/30/2020,-34557.0
1947,5/1/2020,-8976.0
1948,5/2/2020,15995.0
1949,5/3/2020,-563.0
1950,5/4/2020,-53205.0
1951,5/5/2020,5465.0
1952,5/6/2020,21155.0
1953,5/7/2020,5645.0
1954,5/8/2020,-11847.0
1955,5/9/2020,7774.0
1956,5/10/2020,631.0
1957,5/11/2020,-14237.0
1958,5/12/2020,-40643.0
1959,5/13/2020,-8755.0
1960,5/14/2020,10139.0
1961,5/15/2020,38013.0
1962,5/16/2020,36591.0
1963,5/17/2020,-7460.0
1964,5/18/2020,-22999.0
1965,5/19/2020,21240.0
1966,5/20/2020,-34310.0
1967,5/21/2020,9121.0
1968,5/22/2020,66871.0
1969,5/23/2020,-13367.0
1970,5/24/2020,61718.0
1971,5/25/2020,41442.0
1972,5/26/2020,-37943.0
1973,5/27/2020,47755.0
1974,5/28/2020,96760.0
1975,5/29/2020,21059.0
1976,5/30/2020,-37535.0
1977,5/31/2020,10835.0
1978,6/1/2020,-59807.0
1979,6/2/2020,24449.0
1980,6/3/2020,19757.0
1981,6/4/2020,12168.0
1982,6/5/2020,57487.0
1983,6/6/2020,2744.0
1984,6/7/2020,-34451.0
1985,6/8/2020,64486.0
1986,6/9/2020,34582.0
1987,6/10/2020,63128.0
1988,6/11/2020,25182.0
1989,6/12/2020,-35309.0
1990,6/13/2020,-45943.0
1991,6/14/2020,-39769.0
1992,6/15/2020,68912.0
1993,6/16/2020,-1883.0
1994,6/17/2020,-39247.0
1995,6/18/2020,-67544.0
1996,6/19/2020,-64290.0
1997,6/20/2020,-31977.0
1998,6/21/2020,-62228.0
1999,6/22/2020,89152.0
2000,6/23/2020,-57888.0
2001,6/24/2020,31313.0
2002,6/25/2020,28968.0
2003,6/26/2020,-26132.0
2004,6/27/2020,-33953.0
2005,6/28/2020,63145.0
2006,6/29/2020,30352.0
2007,6/30/2020,-47306.0
2008,7/1/2020,-52738.0
2009,7/2/2020,-37938.0
2010,7/3/2020,5642.0
2011,7/4/2020,91391.0
2012,7/5/2020,-47539.0
2013,7/6/2020,51005.0
2014,7/7/2020,84349.0
2015,7/8/2020,37277.0
2016,7/9/2020,76192.0
2017,7/10/2020,6591.0
2018,7/11/2020,48654.0
2019,7/12/2020,-33514.0
2020,7/13/2020,15432.0
2021,7/14/2020,75684.0
2022,7/15/2020,36351.0
2023,7/16/2020,69474.0
2024,7/17/2020,4227.0
2025,7/18/2020,2979.0
2026,7/19/2020,50458.0
2027,7/20/2020,62726.0
2028,7/21/2020,-14731.0
2029,7/22/2020,-6609.0
2030,7/23/2020,43201.0
2031,7/24/2020,89014.0
2032,7/25/2020,-32552.0
2033,7/26/2020,-27037.0
2034,7/27/2020,57983.0
2035,7/28/2020,-38249.0
2036,7/29/2020,83422.0
2037,7/30/2020,93022.0
2038,7/31/2020,-50618.0
2039,8/1/2020,-26127.0
2040,8/2/2020,26557.0
2041,8/3/2020,1235.0
2042,8/4/2020,8278.0
2043,8/5/2020,-60951.0
2044,8/6/2020,58720.0
2045,8/7/2020,9283.0
2046,8/8/2020,1261.0
2047,8/9/2020,40795.0
2048,8/10/2020,-53583.0
2049,8/11/2020,-31960.0
2050,8/12/2020,-16488.0
2051,8/13/2020,94705.0
2052,8/14/2020,95845.0
2053,8/15/2020,43336.0
2054,8/16/2020,-44272.0
2055,8/17/2020,48381.0
2056,8/18/2020,-7028.0
2057,8/19/2020,74682.0
2058,8/20/2020,97930.0
2059,8/21/2020,-39719.0
2060,8/22/2020,-46944.0
2061,8/23/2020,14167.0
2062,8/24/2020,589.0
2063,8/25/2020,-34566.0
2064,8/26/2020,92633.0
2065,8/27/2020,72416.0
2066,8/28/2020,4146.0
2067,8/29/2020,-38399.0
2068,8/30/2020,47224.0
2069,8/31/2020,-60324.0
2070,9/1/2020,36554.0
2071,9/2/2020,7731.0
2072,9/3/2020,-14113.0
2073,9/4/2020,70678.0
2074,9/5/2020,-64861.0
2075,9/6/2020,-34177.0
2076,9/7/2020,-65493.0
2077,9/8/2020,-5632.0
2078,9/9/2020,12652.0
2079,9/10/2020,-16370.0
2080,9/11/2020,-40681.0
2081,9/12/2020,-14387.0
2082,9/13/2020,-65967.0
2083,9/14/2020,15477.0
2084,9/15/2020,50916.0
2085,9/16/2020,-63046.0
2086,9/17/2020,57710.0
2087,9/18/2020,96634.0
2088,9/19/2020,52980.0
2089,9/20/2020,70593.0
2090,9/21/2020,95505.0
2091,9/22/2020,81649.0
2092,9/23/2020,-56.0
2093,9/24/2020,9373.0
2094,9/25/2020,-9327.0
2095,9/26/2020,-9279.0
2096,9/27/2020,-26588.0
2097,9/28/2020,80163.0
2098,9/29/2020,33385.0
2099,9/30/2020,-51174.0
2100,10/1/2020,84077.0
2101,10/2/2020,37452.0
2102,10/3/2020,72649.0
2103,10/4/2020,2972.0
2104,10/5/2020,52607.0
2105,10/6/2020,93365.0
2106,10/7/2020,51972.0
2107,10/8/2020,62566.0
2108,10/9/2020,67267.0
2109,10/10/2020,12505.0
2110,10/11/2020,59932.0
2111,10/12/2020,18413.0
2112,10/13/2020,-21782.0
2113,10/14/2020,70264.0
2114,10/15/2020,-64767.0
2115,10/16/2020,-11148.0
2116,10/17/2020,87045.0
2117,10/18/2020,-47606.0
2118,10/19/2020,69288.0
2119,10/20/2020,13934.0
2120,10/21/2020,-39956.0
2121,10/22/2020,82524.0
2122,10/23/2020,63409.0
2123,10/24/2020,56552.0
2124,10/25/2020,25137.0
2125,10/26/2020,3253.0
2126,10/27/2020,4653.0
2127,10/28/2020,-41547.0
2128,10/29/2020,77924.0
2129,10/30/2020,26999.0
2130,10/31/2020,86778.0
2131,11/1/2020,-64267.0
2132,11/2/2020,62170.0
2133,11/3/2020,2221.0
2134,11/4/2020,3509.0
2135,11/5/2020,16740.0
2136,11/6/2020,30111.0
2137,11/7/2020,55541.0
2138,11/8/2020,-45874.0
2139,11/9/2020,52132.0
2140,11/10/2020,-21549.0
2141,11/11/2020,14653.0
2142,11/12/2020,8031.0
2143,11/13/2020,90865.0
2144,11/14/2020,10139.0
2145,11/15/2020,-22497.0
2146,11/16/2020,-49508.0
2147,11/17/2020,-66271.0
2148,11/18/2020,-42779.0
2149,11/19/2020,84774.0
2150,11/20/2020,69958.0
2151,11/21/2020,58930.0
2152,11/22/2020,-19104.0
2153,11/23/2020,5172.0
2154,11/24/2020,93733.0
2155,11/25/2020,68085.0
2156,11/26/2020,67899.0
2157,11/27/2020,56275.0
2158,11/28/2020,49290.0
2159,11/29/2020,55485.0
2160,11/30/2020,36377.0
2161,12/1/2020,-19507.0
2162,12/2/2020,66108.0
2163,12/3/2020,86429.0
2164,12/4/2020,-21185.0
2165,12/5/2020,-66559.0
2166,12/6/2020,65223.0
2167,12/7/2020,20666.0
2168,12/8/2020,1212.0
2169,12/9/2020,-66477.0
2170,12/10/2020,41606.0
2171,12/11/2020,-68572.0
2172,12/12/2020,-6738.0
2173,12/13/2020,65620.0
2174,12/14/2020,-59708.0
2175,12/15/2020,64158.0
2176,12/16/2020,-64252.0
2177,12/17/2020,-28289.0
2178,12/18/2020,94724.0
2179,12/19/2020,98107.0
2180,12/20/2020,-35250.0
2181,12/21/2020,7926.0
2182,12/22/2020,-64121.0
2183,12/23/2020,-30867.0
2184,12/24/2020,-45192.0
2185,12/25/2020,82000.0
2186,12/26/2020,-55532.0
2187,12/27/2020,-68112.0
2188,12/28/2020,79073.0
2189,12/29/2020,-66352.0
2190,12/30/2020,50498.0
2191,12/31/2020,80296.0
2192,1/1/2021,-66455.0
2193,1/2/2021,96897.0
2194,1/3/2021,-23017.0
2195,1/4/2021,-5476.0
2196,1/5/2021,50082.0
2197,1/6/2021,-69409.0
2198,1/7/2021,-59137.0
2199,1/8/2021,-62030.0
2200,1/9/2021,-12810.0
2201,1/10/2021,-13508.0
2202,1/11/2021,75625.0
2203,1/12/2021,-8643.0
2204,1/13/2021,96480.0
2205,1/14/2021,-12075.0
2206,1/15/2021,55649.0
2207,1/16/2021,35042.0
2208,1/17/2021,-11235.0
2209,1/18/2021,-26653.0
2210,1/19/2021,-61000.0
2211,1/20/2021,68503.0
2212,1/21/2021,98729.0
2213,1/22/2021,-55312.0
2214,1/23/2021,-48609.0
2215,1/24/2021,-10861.0
2216,1/25/2021,-2190.0
2217,1/26/2021,-754.0
2218,1/27/2021,61647.0
2219,1/28/2021,-18419.0
2220,1/29/2021,15538.0
2221,1/30/2021,-9535.0
2222,1/31/2021,-64474.0
2223,2/1/2021,-39479.0
2224,2/2/2021,4177.0
2225,2/3/2021,-29092.0
2226,2/4/2021,43613.0
2227,2/5/2021,92260.0
2228,2/6/2021,-35503.0
2229,2/7/2021,66226.0
2230,2/8/2021,-50168.0
2231,2/9/2021,29927.0
2232,2/10/2021,-42787.0
2233,2/11/2021,42461.0
2234,2/12/2021,73988.0
2235,2/13/2021,25359.0
2236,2/14/2021,45482.0
2237,2/15/2021,88083.0
2238,2/16/2021,97814.0
2239,2/17/2021,76685.0
2240,2/18/2021,73136.0
2241,2/19/2021,41268.0
2242,2/20/2021,-30416.0
2243,2/21/2021,-16783.0
2244,2/22/2021,11719.0
2245,2/23/2021,49801.0
2246,2/24/2021,-7443.0
2247,2/25/2021,-66087.0
2248,2/26/2021,79121.0
2249,2/27/2021,18964.0
2250,2/28/2021,31205.0
2251,3/1/2021,24853.0
2252,3/2/2021,53266.0
2253,3/3/2021,94544.0
2254,3/4/2021,-66430.0
2255,3/5/2021,-38311.0
2256,3/6/2021,47843.0
2257,3/7/2021,-13985.0
2258,3/8/2021,-13477.0
2259,3/9/2021,-55619.0
2260,3/10/2021,-6540.0
2261,3/11/2021,-13375.0
2262,3/12/2021,41568.0
2263,3/13/2021,76143.0
2264,3/14/2021,15074.0
2265,3/15/2021,-40998.0
2266,3/16/2021,-30734.0
2267,3/17/2021,-2598.0
2268,3/18/2021,60340.0
2269,3/19/2021,-6504.0
2270,3/20/2021,-44419.0
2271,3/21/2021,95761.0
2272,3/22/2021,-14372.0
2273,3/23/2021,-43997.0
2274,3/24/2021,82798.0
2275,3/25/2021,19756.0
2276,3/26/2021,29345.0
2277,3/27/2021,-69392.0
2278,3/28/2021,-6958.0
2279,3/29/2021,-65606.0
2280,3/30/2021,72703.0
2281,3/31/2021,29109.0
2282,4/1/2021,-69429.0
2283,4/2/2021,-56274.0
2284,4/3/2021,78244.0
2285,4/4/2021,16782.0
2286,4/5/2021,-56648.0
2287,4/6/2021,676.0
2288,4/7/2021,93892.0
2289,4/8/2021,2238.0
2290,4/9/2021,60200.0
2291,4/10/2021,55699.0
2292,4/11/2021,13928.0
2293,4/12/2021,-41835.0
2294,4/13/2021,99183.0
2295,4/14/2021,-57902.0
2296,4/15/2021,-33012.0
2297,4/16/2021,81883.0
2298,4/17/2021,5833.0
2299,4/18/2021,76758.0
2300,4/19/2021,-68415.0
2301,4/20/2021,-50645.0
2302,4/21/2021,-50477.0
2303,4/22/2021,-39170.0
2304,4/23/2021,-56745.0
2305,4/24/2021,-21957.0
2306,4/25/2021,69997.0
2307,4/26/2021,-2824.0
2308,4/27/2021,-19230.0
2309,4/28/2021,-56931.0
2310,4/29/2021,-21331.0
2311,4/30/2021,34576.0
2312,5/1/2021,-30382.0
2313,5/2/2021,38049.0
2314,5/3/2021,-54552.0
2315,5/4/2021,57253.0
2316,5/5/2021,-24186.0
2317,5/6/2021,98830.0
2318,5/7/2021,90255.0
2319,5/8/2021,57332.0
2320,5/9/2021,63108.0
2321,5/10/2021,-20254.0
2322,5/11/2021,39999.0
2323,5/12/2021,43891.0
2324,5/13/2021,-33081.0
2325,5/14/2021,36400.0
2326,5/15/2021,56697.0
2327,5/16/2021,64329.0
2328,5/17/2021,-35864.0
2329,5/18/2021,-20753.0
2330,5/19/2021,17630.0
2331,5/20/2021,-49327.0
2332,5/21/2021,31782.0
2333,5/22/2021,95475.0
2334,5/23/2021,39277.0
2335,5/24/2021,-29398.0
2336,5/25/2021,85054.0
2337,5/26/2021,-3403.0
2338,5/27/2021,-36409.0
2339,5/28/2021,-44137.0
2340,5/29/2021,-47068.0
2341,5/30/2021,-32300.0
2342,5/31/2021,26875.0
2343,6/1/2021,-50822.0
2344,6/2/2021,75352.0
2345,6/3/2021,76658.0
2346,6/4/2021,25694.0
2347,6/5/2021,9773.0
2348,6/6/2021,26199.0
2349,6/7/2021,-28435.0
2350,6/8/2021,32925.0
2351,6/9/2021,71154.0
2352,6/10/2021,97686.0
2353,6/11/2021,-929.0
2354,6/12/2021,54721.0
2355,6/13/2021,35056.0
2356,6/14/2021,-28846.0
2357,6/15/2021,-45699.0
2358,6/16/2021,24972.0
2359,6/17/2021,-37512.0
2360,6/18/2021,-12417.0
2361,6/19/2021,65592.0
2362,6/20/2021,28204.0
2363,6/21/2021,-45245.0
2364,6/22/2021,-22805.0
2365,6/23/2021,-37412.0
2366,6/24/2021,84737.0
2367,6/25/2021,-42353.0
2368,6/26/2021,-1502.0
2369,6/27/2021,-67509.0
2370,6/28/2021,-7936.0
2371,6/29/2021,98439.0
2372,6/30/2021,-54552.0
2373,7/1/2021,67296.0
2374,7/2/2021,14283.0
2375,7/3/2021,72818.0
2376,7/4/2021,-3003.0
2377,7/5/2021,9671.0
2378,7/6/2021,-58283.0
2379,7/7/2021,6134.0
2380,7/8/2021,19618.0
2381,7/9/2021,69093.0
2382,7/10/2021,32232.0
2383,7/11/2021,-1415.0
2384,7/12/2021,-39483.0
2385,7/13/2021,37086.0
2386,7/14/2021,55412.0
2387,7/15/2021,31310.0
2388,7/16/2021,-64828.0
2389,7/17/2021,23270.0
2390,7/18/2021,-5999.0
2391,7/19/2021,-51374.0
2392,7/20/2021,39409.0
2393,7/21/2021,80862.0
2394,7/22/2021,59792.0
2395,7/23/2021,70150.0
2396,7/24/2021,-53855.0
2397,7/25/2021,-52501.0
2398,7/26/2021,29535.0
2399,7/27/2021,2117.0
2400,7/28/2021,-40696.0
2401,7/29/2021,-60638.0
2402,7/30/2021,44692.0
2403,7/31/2021,31751.0
2404,8/1/2021,34808.0
2405,8/2/2021,88674.0
2406,8/3/2021,74630.0
2407,8/4/2021,-61586.0
2408,8/5/2021,-54128.0
2409,8/6/2021,21505.0
2410,8/7/2021,-59094.0
2411,8/8/2021,-27855.0
2412,8/9/2021,30861.0
2413,8/10/2021,-22807.0
2414,8/11/2021,-13109.0
2415,8/12/2021,21629.0
2416,8/13/2021,-69861.0
2417,8/14/2021,41742.0
2418,8/15/2021,-10447.0
2419,8/16/2021,-38279.0
2420,8/17/2021,56332.0
2421,8/18/2021,-58502.0
2422,8/19/2021,79708.0
2423,8/20/2021,64926.0
2424,8/21/2021,92769.0
2425,8/22/2021,-29989.0
2426,8/23/2021,45989.0
2427,8/24/2021,78290.0
2428,8/25/2021,52646.0
2429,8/26/2021,70966.0
2430,8/27/2021,-65197.0
2431,8/28/2021,85620.0
2432,8/29/2021,-5306.0
2433,8/30/2021,44787.0
2434,8/31/2021,62715.0
2435,9/1/2021,73297.0
2436,9/2/2021,-59682.0
2437,9/3/2021,73625.0
2438,9/4/2021,-34414.0
2439,9/5/2021,95557.0
2440,9/6/2021,13789.0
2441,9/7/2021,-52290.0
2442,9/8/2021,-31853.0
2443,9/9/2021,-20915.0
2444,9/10/2021,71127.0
2445,9/11/2021,-15655.0
2446,9/12/2021,10861.0
2447,9/13/2021,9937.0
2448,9/14/2021,6389.0
2449,9/15/2021,-35178.0
2450,9/16/2021,57198.0
2451,9/17/2021,-32662.0
2452,9/18/2021,-15559.0
2453,9/19/2021,11176.0
2454,9/20/2021,91042.0
2455,9/21/2021,11359.0
2456,9/22/2021,77182.0
2457,9/23/2021,-69812.0
2458,9/24/2021,1977.0
2459,9/25/2021,-67375.0
2460,9/26/2021,1330.0
2461,9/27/2021,57792.0
2462,9/28/2021,-30161.0
2463,9/29/2021,81018.0
2464,9/30/2021,-54523.0
2465,10/1/2021,96953.0
2466,10/2/2021,47954.0
2467,10/3/2021,3474.0
2468,10/4/2021,24702.0
2469,10/5/2021,84416.0
2470,10/6/2021,-47901.0
2471,10/7/2021,-67325.0
2472,10/8/2021,-28974.0
2473,10/9/2021,-62870.0
2474,10/10/2021,14880.0
2475,10/11/2021,-17806.0
2476,10/12/2021,9209.0
2477,10/13/2021,-51535.0
2478,10/14/2021,-54817.0
2479,10/15/2021,-9893.0
2480,10/16/2021,48035.0
2481,10/17/2021,-43783.0
2482,10/18/2021,-36242.0
2483,10/19/2021,25174.0
2484,10/20/2021,-39418.0
2485,10/21/2021,-58383.0
2486,10/22/2021,70314.0
2487,10/23/2021,-16520.0
2488,10/24/2021,94593.0
2489,10/25/2021,92151.0
2490,10/26/2021,1556.0
2491,10/27/2021,47583.0
2492,10/28/2021,-7846.0
2493,10/29/2021,-47930.0
2494,10/30/2021,-31139.0
2495,10/31/2021,92565.0
2496,11/1/2021,97070.0
2497,11/2/2021,-57980.0
2498,11/3/2021,-34994.0
2499,11/4/2021,-9904.0
2500,11/5/2021,55561.0
2501,11/6/2021,52116.0
2502,11/7/2021,-49780.0
2503,11/8/2021,-56641.0
2504,11/9/2021,-5340.0
2505,11/10/2021,-18071.0
2506,11/11/2021,-49488.0
2507,11/12/2021,14875.0
2508,11/13/2021,17161.0
2509,11/14/2021,54549.0
2510,11/15/2021,-55271.0
2511,11/16/2021,15908.0
2512,11/17/2021,68818.0
2513,11/18/2021,85035.0
2514,11/19/2021,81602.0
2515,11/20/2021,19703.0
2516,11/21/2021,47351.0
2517,11/22/2021,-33916.0
2518,11/23/2021,86055.0
2519,11/24/2021,-45809.0
2520,11/25/2021,-52688.0
2521,11/26/2021,69343.0
2522,11/27/2021,47801.0
2523,11/28/2021,-54156.0
2524,11/29/2021,-49752.0
2525,11/30/2021,-55373.0
2526,12/1/2021,-12777.0
2527,12/2/2021,-29219.0
2528,12/3/2021,-63714.0
2529,12/4/2021,29629.0
2530,12/5/2021,63364.0
2531,12/6/2021,-25014.0
2532,12/7/2021,-35196.0
2533,12/8/2021,-27311.0
2534,12/9/2021,-31613.0
2535,12/10/2021,10827.0
2536,12/11/2021,23281.0
2537,12/12/2021,94084.0
2538,12/13/2021,83354.0
2539,12/14/2021,-34233.0
2540,12/15/2021,-54630.0
2541,12/16/2021,-11406.0
2542,12/17/2021,84357.0
2543,12/18/2021,-2964.0
2544,12/19/2021,42476.0
2545,12/20/2021,-21050.0
2546,12/21/2021,86699.0
2547,12/22/2021,39267.0
2548,12/23/2021,34664.0
2549,12/24/2021,34004.0
2550,12/25/2021,97124.0
2551,12/26/2021,61543.0
2552,12/27/2021,-45222.0
2553,12/28/2021,-10194.0
2554,12/29/2021,3419.0
2555,12/30/2021,5958.0
2556,12/31/2021,-47988.0
2557,1/1/2022,40249.0
2558,1/2/2022,-47471.0
2559,1/3/2022,34237.0
2560,1/4/2022,934.0
2561,1/5/2022,-39559.0
2562,1/6/2022,-43349.0
2563,1/7/2022,-67207.0
2564,1/8/2022,74986.0
2565,1/9/2022,7496.0
2566,1/10/2022,-43395.0
2567,1/11/2022,-62049.0
2568,1/12/2022,12757.0
2569,1/13/2022,-10212.0
2570,1/14/2022,-51206.0
2571,1/15/2022,24471.0
2572,1/16/2022,-2777.0
2573,1/17/2022,5027.0
2574,1/18/2022,52961.0
2575,1/19/2022,59609.0
2576,1/20/2022,-8619.0
2577,1/21/2022,12027.0
2578,1/22/2022,4301.0
2579,1/23/2022,-40120.0
2580,1/24/2022,-14250.0
2581,1/25/2022,50085.0
2582,1/26/2022,49847.0
2583,1/27/2022,31039.0
2584,1/28/2022,40167.0
2585,1/29/2022,-49881.0
2586,1/30/2022,-55984.0
2587,1/31/2022,-33147.0
2588,2/1/2022,19153.0
2589,2/2/2022,50328.0
2590,2/3/2022,79759.0
2591,2/4/2022,9089.0
2592,2/5/2022,40963.0
2593,2/6/2022,49296.0
2594,2/7/2022,77436.0
2595,2/8/2022,83428.0
2596,2/9/2022,99807.0
2597,2/10/2022,42379.0
2598,2/11/2022,13197.0
2599,2/12/2022,-1054.0
2600,2/13/2022,-51485.0
2601,2/14/2022,36750.0
2602,2/15/2022,67964.0
2603,2/16/2022,-17232.0
2604,2/17/2022,36581.0
2605,2/18/2022,64855.0
2606,2/19/2022,13746.0
2607,2/20/2022,48289.0
2608,2/21/2022,-43510.0
2609,2/22/2022,-54382.0
2610,2/23/2022,4310.0
2611,2/24/2022,53020.0
2612,2/25/2022,46029.0
2613,2/26/2022,-1421.0
2614,2/27/2022,89274.0
2615,2/28/2022,73054.0
2616,3/1/2022,90434.0
2617,3/2/2022,49241.0
2618,3/3/2022,-32695.0
2619,3/4/2022,17947.0
2620,3/5/2022,77884.0
2621,3/6/2022,71466.0
2622,3/7/2022,74821.0
2623,3/8/2022,-62685.0
2624,3/9/2022,-14571.0
2625,3/10/2022,71314.0
2626,3/11/2022,-8697.0
2627,3/12/2022,53609.0
2628,3/13/2022,11599.0
2629,3/14/2022,-37644.0
2630,3/15/2022,38547.0
2631,3/16/2022,50158.0
2632,3/17/2022,8681.0
2633,3/18/2022,-39976.0
2634,3/19/2022,4080.0
2635,3/20/2022,87361.0
2636,3/21/2022,-33457.0
2637,3/22/2022,-51353.0
2638,3/23/2022,-22182.0
2639,3/24/2022,71946.0
2640,3/25/2022,50040.0
2641,3/26/2022,-16605.0
2642,3/27/2022,-22621.0
2643,3/28/2022,68752.0
2644,3/29/2022,-64751.0
2645,3/30/2022,-57322.0
2646,3/31/2022,-57714.0
2647,4/1/2022,-32601.0
2648,4/2/2022,10468.0
2649,4/3/2022,-34645.0
2650,4/4/2022,-1994.0
2651,4/5/2022,51130.0
2652,4/6/2022,31864.0
2653,4/7/2022,16568.0
2654,4/8/2022,32395.0
2655,4/9/2022,-68767.0
2656,4/10/2022,27475.0
2657,4/11/2022,-30932.0
2658,4/12/2022,-57762.0
2659,4/13/2022,-5815.0
2660,4/14/2022,28987.0
2661,4/15/2022,34293.0
2662,4/16/2022,-6678.0
2663,4/17/2022,-32060.0
2664,4/18/2022,-2999.0
2665,4/19/2022,60115.0
2666,4/20/2022,15902.0
2667,4/21/2022,-33656.0
2668,4/22/2022,32580.0
2669,4/23/2022,15519.0
2670,4/24/2022,-1278.0
2671,4/25/2022,46542.0
2672,4/26/2022,-24560.0
2673,4/27/2022,-57565.0
2674,4/28/2022,14762.0
2675,4/29/2022,79268.0
2676,4/30/2022,98717.0
2677,5/1/2022,54230.0
2678,5/2/2022,-5384.0
2679,5/3/2022,-54291.0
2680,5/4/2022,20362.0
2681,5/5/2022,38082.0
2682,5/6/2022,-6274.0
2683,5/7/2022,-17724.0
2684,5/8/2022,26826.0
2685,5/9/2022,-18942.0
2686,5/10/2022,-6612.0
2687,5/11/2022,-32394.0
2688,5/12/2022,60237.0
2689,5/13/2022,14494.0
2690,5/14/2022,90492.0
2691,5/15/2022,-24184.0
2692,5/16/2022,4215.0
2693,5/17/2022,24521.0
2694,5/18/2022,41860.0
2695,5/19/2022,66420.0
2696,5/20/2022,79043.0
2697,5/21/2022,46142.0
2698,5/22/2022,86602.0
2699,5/23/2022,64968.0
2700,5/24/2022,52408.0
2701,5/25/2022,64351.0
2702,5/26/2022,-24910.0
2703,5/27/2022,17196.0
2704,5/28/2022,86649.0
2705,5/29/2022,88277.0
2706,5/30/2022,37725.0
2707,5/31/2022,-64105.0
2708,6/1/2022,-14203.0
2709,6/2/2022,37690.0
2710,6/3/2022,64071.0
2711,6/4/2022,29782.0
2712,6/5/2022,-51889.0
2713,6/6/2022,-3882.0
2714,6/7/2022,34602.0
2715,6/8/2022,47272.0
2716,6/9/2022,78167.0
2717,6/10/2022,79690.0
2718,6/11/2022,-61807.0
2719,6/12/2022,56996.0
2720,6/13/2022,77732.0
2721,6/14/2022,11554.0
2722,6/15/2022,-16523.0
2723,6/16/2022,74283.0
2724,6/17/2022,77085.0
2725,6/18/2022,-12915.0
2726,6/19/2022,-59385.0
2727,6/20/2022,70266.0
2728,6/21/2022,-14389.0
2729,6/22/2022,95693.0
2730,6/23/2022,-32982.0
2731,6/24/2022,-60648.0
2732,6/25/2022,-35201.0
2733,6/26/2022,86538.0
2734,6/27/2022,-66814.0
2735,6/28/2022,73294.0
2736,6/29/2022,-34754.0
2737,6/30/2022,92108.0
2738,7/1/2022,95109.0
2739,7/2/2022,-8995.0
2740,7/3/2022,-15592.0
2741,7/4/2022,90976.0
2742,7/5/2022,72287.0
2743,7/6/2022,88681.0
2744,7/7/2022,21852.0
2745,7/8/2022,41376.0
2746,7/9/2022,49827.0
2747,7/10/2022,7942.0
2748,7/11/2022,-6201.0
2749,7/12/2022,-65266.0
2750,7/13/2022,-41440.0
2751,7/14/2022,17755.0
2752,7/15/2022,23072.0
2753,7/16/2022,17506.0
2754,7/17/2022,97430.0
2755,7/18/2022,7794.0
2756,7/19/2022,-11073.0
2757,7/20/2022,-23474.0
2758,7/21/2022,-56219.0
2759,7/22/2022,65521.0
2760,7/23/2022,-12417.0
2761,7/24/2022,-58323.0
2762,7/25/2022,54126.0
2763,7/26/2022,14261.0
2764,7/27/2022,-53794.0
2765,7/28/2022,-60332.0
2766,7/29/2022,57090.0
2767,7/30/2022,-40836.0
2768,7/31/2022,34627.0
2769,8/1/2022,77935.0
2770,8/2/2022,-51002.0
2771,8/3/2022,60983.0
2772,8/4/2022,-11874.0
2773,8/5/2022,-6852.0
2774,8/6/2022,97009.0
2775,8/7/2022,48281.0
2776,8/8/2022,79409.0
2777,8/9/2022,36646.0
2778,8/10/2022,-42308.0
2779,8/11/2022,46371.0
2780,8/12/2022,54453.0
2781,8/13/2022,4784.0
2782,8/14/2022,-44065.0
2783,8/15/2022,51990.0
2784,8/16/2022,-14101.0
2785,8/17/2022,82591.0
2786,8/18/2022,98704.0
2787,8/19/2022,-8568.0
2788,8/20/2022,61251.0
2789,8/21/2022,-39011.0
2790,8/22/2022,48479.0
2791,8/23/2022,-35799.0
2792,8/24/2022,-61167.0
2793,8/25/2022,-48218.0
2794,8/26/2022,41504.0
2795,8/27/2022,-39221.0
2796,8/28/2022,93562.0
2797,8/29/2022,89871.0
2798,8/30/2022,58521.0
2799,8/31/2022,87630.0
2800,9/1/2022,786.0
2801,9/2/2022,67684.0
2802,9/3/2022,8214.0
2803,9/4/2022,60737.0
2804,9/5/2022,-14835.0
2805,9/6/2022,-59677.0
2806,9/7/2022,-47217.0
2807,9/8/2022,-55651.0
2808,9/9/2022,-54203.0
2809,9/10/2022,49247.0
2810,9/11/2022,62947.0
2811,9/12/2022,56059.0
2812,9/13/2022,-63981.0
2813,9/14/2022,14035.0
2814,9/15/2022,44653.0
2815,9/16/2022,21875.0
2816,9/17/2022,-11817.0
2817,9/18/2022,-66682.0
2818,9/19/2022,-5242.0
2819,9/20/2022,71827.0
2820,9/21/2022,86052.0
2821,9/22/2022,34396.0
2822,9/23/2022,-10296.0
2823,9/24/2022,9971.0
2824,9/25/2022,71281.0
2825,9/26/2022,19298.0
2826,9/27/2022,42929.0
2827,9/28/2022,-68817.0
2828,9/29/2022,-23655.0
2829,9/30/2022,-11745.0
2830,10/1/2022,84391.0
2831,10/2/2022,14500.0
2832,10/3/2022,28156.0
2833,10/4/2022,84374.0
2834,10/5/2022,21734.0
2835,10/6/2022,-35615.0
2836,10/7/2022,-55106.0
2837,10/8/2022,61904.0
2838,10/9/2022,19632.0
2839,10/10/2022,91663.0
2840,10/11/2022,13851.0
2841,10/12/2022,45997.0
2842,10/13/2022,-37002.0
2843,10/14/2022,-58867.0
2844,10/15/2022,56825.0
2845,10/16/2022,-27373.0
2846,10/17/2022,54834.0
2847,10/18/2022,-54305.0
2848,10/19/2022,-52242.0
2849,10/20/2022,33913.0
2850,10/21/2022,14070.0
2851,10/22/2022,-49837.0
2852,10/23/2022,48403.0
2853,10/24/2022,10847.0
2854,10/25/2022,64001.0
2855,10/26/2022,-26524.0
2856,10/27/2022,-58717.0
2857,10/28/2022,77978.0
2858,10/29/2022,-34449.0
2859,10/30/2022,12369.0
2860,10/31/2022,26809.0
2861,11/1/2022,-20576.0
2862,11/2/2022,-64308.0
2863,11/3/2022,817.0
2864,11/4/2022,45060.0
2865,11/5/2022,22430.0
2866,11/6/2022,86769.0
2867,11/7/2022,-68686.0
2868,11/8/2022,76623.0
2869,11/9/2022,-17589.0
2870,11/10/2022,35162.0
2871,11/11/2022,-19981.0
2872,11/12/2022,-567.0
2873,11/13/2022,-66574.0
2874,11/14/2022,32059.0
2875,11/15/2022,-67723.0
2876,11/16/2022,68468.0
2877,11/17/2022,-24705.0
2878,11/18/2022,78634.0
2879,11/19/2022,-35439.0
2880,11/20/2022,59140.0
2881,11/21/2022,84885.0
2882,11/22/2022,4802.0
2883,11/23/2022,1949.0
2884,11/24/2022,57698.0
2885,11/25/2022,-22338.0
2886,11/26/2022,90125.0
2887,11/27/2022,-4072.0
2888,11/28/2022,-40331.0
2889,11/29/2022,5809.0
2890,11/30/2022,63149.0
2891,12/1/2022,-11605.0
2892,12/2/2022,-41956.0
2893,12/3/2022,25096.0
2894,12/4/2022,12808.0
2895,12/5/2022,-12010.0
2896,12/6/2022,89229.0
2897,12/7/2022,47698.0
2898,12/8/2022,8768.0
2899,12/9/2022,73827.0
2900,12/10/2022,36921.0
2901,12/11/2022,-68161.0
2902,12/12/2022,21267.0
2903,12/13/2022,36089.0
2904,12/14/2022,20820.0
2905,12/15/2022,96475.0
2906,12/16/2022,-58558.0
2907,12/17/2022,52348.0
2908,12/18/2022,43994.0
2909,12/19/2022,61354.0
2910,12/20/2022,-529.0
2911,12/21/2022,33629.0
2912,12/22/2022,-31877.0
2913,12/23/2022,68521.0
2914,12/24/2022,60029.0
2915,12/25/2022,-14918.0
2916,12/26/2022,-67275.0
2917,12/27/2022,52834.0
2918,12/28/2022,-56988.0
2919,12/29/2022,35238.0
2920,12/30/2022,-2569.0
2921,12/31/2022,2493.0
2922,1/1/2023,243.0
2923,1/2/2023,5464.0
2924,1/3/2023,24342.0
2925,,545
